2460 4260
174 247 258 339 AD
281 242 546 326 VENERIS
572 239 1007 324 PERVIGILIUM.
1058 252 1103 344 85

75 379 170 450 Deus
198 378 271 444 rard
292 381 466 448 admodum
486 383 538 443 vel
556 392 738 456 ‘numquam
760 379 935 447 misericors
961 381 1020 446 effe
1034 387 1106 467 pos-

75 461 143 531 set:
166 461 245 534 cum
265 479 371 537 tamen
387 466 416 528 dt
430 467 468 528 de
482 461 708 526 consuetudine
725 462 754 523 δι
769 463 808 526 de
823 480 933 529 natura
946 468 1104 535 veleffen·

75 547 282 622 tiaNuminis
297 549 349 629 fit,
370 562 404 612 ut
419 545 637 620 misericordiae
653 543 777 626 portua,
800 545 896 625 quim
907 549 1027 628 rustitiae
1042 553 1103 618 stu.

75 631 158 701 dent.
199 630 288 694 Hinc
308 630 423 696 sudum
443 627 578 705 crebrius
600 642 693 707 atque
707 627 822 692 diutius
836 634 957 697 coelum
976 634 1122 717 esseut-⁸

75 716 175 794 titur,
197 713 423 795 infrequentiirs
443 727 533 779 tonat
555 724 649 792 atque
669 710 842 794 fulminat,
871 713 964 799 idque
986 718 1098 802 exiguo

78 798 228 880 temporis
242 797 340 880 spatio
353 815 361 868 ε

121 912 127 920 ‘
155 911 251 977 Nunc
264 913 314 978 uti
326 911 476 994 detonuit,
487 909 673 1055 strepitdtizne
689 911 838 976 exterruit
850 913 961 999 orbem,

149 1020 153 1027 ·
202 997 321 1061 Puram
334 993 458 1076 hscnffis
473 999 541 1057 aira
555 1014 587 1055 re
631 994 650 1054 't
662 993 755 1079 aquis.
1003 1013 1005 1017 ·

155 1077 237 1162 June
248 1080 340 1165 igitur
346 1078 518 1165 genitsrqae
531 1073 633 1140 Deim
646 1074 793 1163 rediitque
806 1093 943 1163 vocatia,
963 1080 1031 1154 &a
1046 1160 1048 1165 ,

89 1226 140 1291 ie.
162 1225 214 1293 Ut
235 1225 341 1290 Accius
362 1225 394 1288 in
407 1220 531 1288 Bacchis
543 1226 639 1291 etiam
654 1229 815 1294 trochaico
830 1228 982 1294 reddidit:
1011 1228 1098 1314 sapt

82 1308 201 1392 splendet
221 1310 315 1389 idem,
336 1329 371 1370 aa
390 1306 467 1369 idem
483 1307 587 1371 nimbis
609 1311 768 1377 interdum
780 1312 886 1406 nt'gren
928 1312 1100 1396 Comparet

91 1394 155 1456 inihi
168 1393 246 1458 verd
262 1392 372 1474 aliquis
386 1393 451 1456 haec
464 1389 529 1473 ipsa
546 1410 621 1456 cum
639 1394 697 1458 illo
711 1394 830 1464 inermes
846 1442 857 1478 ,
878 1394 908 1460 dt
922 1395 1028 1471 mimis
1044 1417 1100 1464 co·

94 1474 193 1544 harere
205 1479 269 1544 hoc
284 1474 732 1559 tetrastichonconspicabitur.

507 1655 605 1736 vers.
618 1670 676 1751 36.

129 1823 345 1901 Gratanter,
372 1820 431 1916 qui
448 1842 633 1918 numquam
642 1820 784 1901 amavitr
813 1821 941 1918 quique
953 1817 1099 1901 amavit,

242 1943 325 2015 ¹cras
347 1939 448 1993 amet.
783 2007 788 2011 ¹
1093 1946 1096 1951 ·

128 2027 271 2116 Campani
287 2021 386 2090 {lenas
396 2019 514 2113 pudore
528 2026 624 2093 mittit
642 2021 686 2091 ad
699 2041 728 2091 te
742 2025 894 2116 virgines:

93 2154 95 2158 ·
128 2122 199 2192 Una
213 2142 262 2190 res
277 2119 317 2211 est
332 2143 425 2218 quant
444 2143 605 2214 rogamus,
629 2119 698 2191 cede
711 2125 797 2215 virga
815 2120 933 2198 Delia,

125 2220 166 2291 Ut
181 2217 336 2313 nemusstt
350 2215 543 2291 incruentum
557 2218 594 2291 de
598 2217 716 2312 ferinis
724 2215 906 2315 stragibus]

91 2389 121 2456 lu
131 2392 190 2458 hic
205 2393 326 2478 stropha
342 2393 521 2476 adloquitur
532 2393 602 2475 jam
615 2391 903 2470 Deamnrvarum,
925 2407 960 2458 ut
975 2389 1100 2456 Ovidius

86 2491 118 2624 ἰ)
126 2473 252 2541 Metam.
274 2491 387 2560 vacat,
415 2477 468 2542 seu
498 2475 736 2544 Nemorensem
760 2476 849 2540 illam
874 2473 1037 2560 Dianam,
1065 2478 1100 2541 in

118 2563 321 2641 donatam,
342 2574 377 2625 ut
400 2557 498 2625 abesse
519 2560 666 2643 tantisper
688 2561 833 2646 dignetur
858 2562 896 2624 ab
914 2561 976 2625 hoc
997 2564 1097 2641 luco,

91 2660 174 2721 quem
193 2642 315 2708 vifitare
335 2642 470 2729 virgines
483 2641 629 2709 voluisset
644 2644 765 2712 Venus.
807 2638 947 2707 Tametfi
962 2661 1099 2727 namquo

92 2720 104 2802 (
109 2739 138 2822 nt
150 2725 189 2809 est
204 2725 237 2788 in
248 2722 377 2790 Seruiani
391 2721 506 2791 Catulli
519 2726 648 2791 carmine
661 2727 701 2793 ad
715 2730 796 2794 hauc
811 2723 973 2808 Divamt)
1052 2751 1057 2758 ·

320 2881 429 2948 Dianae
441 2887 521 2966 foret
540 2885 572 2947 in
583 2884 648 2966 fide

321 2965 431 3030 Puella
451 2966 492 3038 ἐφ’
508 2983 583 3052 puer
604 2966 739 3052 integer:

323 3045 432 3114 Diana
451 3048 517 3114 binc
528 3049 618 3136 pueri
637 3050 744 3135 integri

362 3130 529 3230 Paellaeqne
550 3133 708 3196 canebant:

325 3213 352 3279 0
373 3212 503 3279 Latonia
522 3212 658 3278 Maximi
725 3252 728 3258 ·

314 3295 438 3382 'Magna
469 3298 600 3384 'agenies
619 3294 725 3378 Juniis,

321 3378 420 3466 Quam
439 3313 544 3446 iiiaeer
560 3395 646 3464 prope
666 3376 786 3441 Deliam

377 3461 529 3548 Depafivit
550 3461 677 3525 olivam:

322 3543 475 3609 Montium
496 3542 627 3609 Domina
646 3561 681 3610 nt
695 3547 793 3628 fhr'es,

239 3681 243 3686 .
326 3629 532 3716 Sisvaramqne
553 3629 734 3710 virentium,

321 3711 513 3794 Saitnimqae
528 3711 756 3795 necanditoram,

235 3826 238 3830 ⁴
363 3791 561 3880 Amniimqne
573 3794 741 3875 sonantum.
1051 3868 1053 3873 Ι

730 3873 757 3937 F
777 3879 800 3958 '3
1002 3869 1103 3943 Nunc
