2460 4260
96 214 164 281 152
286 183 471 263 uuna.
498 152 707 260 nivrnr
737 183 924 262 Nora

93 323 229 391 coiundi
249 321 402 400 aviditas;
428 339 504 384 nam
524 317 554 382 dr
573 315 703 383 Verrem
723 315 772 383 lib.
782 339 812 404 4.
825 319 860 381 de
872 321 964 386 L.L.
978 319 1108 404 audere,

95 411 212 478 Venus,
228 405 336 470 vidirir
363 424 399 466 ex
426 400 591 485 jundiioue
616 403 696 484 ignis
725 403 885 486 &aquae,
913 411 965 469 vel
989 405 1060 471 ideo
1080 408 1111 471 in

97 493 212 573 nuptiis
234 497 361 569 quoque
380 488 413 550 in
435 486 543 553 limine
564 485 798 567 adhibitorum,
819 493 906 553 velut
922 489 938 552 i
954 488 1047 554 causi
1062 508 1112 552 na·

98 574 341 654 scendi-duplice
355 569 544 633 desumitur:
570 565 638 632 Ubi
655 589 722 633 mas
737 572 816 654 ignis
833 571 892 651 est,
913 574 1002 652 quod
1016 573 1056 636 ibi
1069 570 1114 635 se·

100 677 193 738 men3
222 676 301 737 aqua
320 654 479 730 foemina,
501 649 586 732 quod
609 651 705 716 foetus
727 657 765 718 ab
785 653 852 736 ejus
874 658 1029 734 humore3
1055 657 1115 719 hoc

100 741 212 808 Venus
226 737 392 821 conjungit
413 735 568 814 invicem,
590 733 653 816 ipsa
668 734 750 801 inter
764 757 863 819 equos
878 786 889 819 ,
910 737 1039 802 libidine
1053 739 1117 801 hin·

101 826 242 898 nicutes,
265 823 294 886 dt
314 822 457 905 bijugum
477 817 674 898 duplicitates
693 820 862 900 aliquando
878 836 999 885 exorta.
1043 820 1117 903 Qua

102 910 206 985 itaque
228 905 338 969 Venus
360 904 398 966 de
421 918 486 982 opt.
509 901 682 985 sanguine,
704 905 781 978 flore
801 904 943 984 amoris,
965 906 1119 989 igneoque

103 992 246 1068 semine,
266 988 299 1049 in
321 985 451 1050 humido
476 984 611 1048 radicata
634 989 812 1066 elemento,
833 985 909 1051 Sole
930 988 1029 1050 etiarn
1049 985 1119 1066 (qui

104 1075 133 1136 dr
156 1070 218 1153 ipse
240 1088 315 1134 cum
337 1071 466 1132 homine
485 1083 611 1152 generat
633 1070 819 1151 bominem)
838 1085 1056 1152 cooperante,
1075 1071 1119 1133 in·

105 1157 162 1221 star
177 1157 343 1238 gemmulae
357 1150 489 1232 alicujus
506 1152 735 1232 protubetavit3
756 1154 812 1218 illa
825 1155 889 1235 ipsa
907 1168 1120 1235 quoquetem·

105 1259 162 1322 pus
186 1240 278 1301 l'uum
301 1238 446 1299 similibus
470 1235 553 1314 cupit
577 1252 765 1300 renovatum
787 1235 1120 1383 &pidaratumgem

105 1341 253 1388 meorum
272 1316 552 1382 &flammidorum
570 1317 685 1389 florum
700 1320 881 1383 muricibus.
923 1319 1014 1401 Quin
1073 1320 1123 1385 itta

107 1407 172 1486 ipsa
185 1406 317 1486 benigna
330 1418 429 1475 mater
445 1447 455 1478 ,
478 1417 535 1461 ceu
553 1396 654 1463 Croni
672 1402 741 1465 viro
757 1400 1122 1495 ladescentelprododa,

110 1491 204 1558 ubera
219 1487 274 1548 sua
293 1483 495 1560 bacchantia,
510 1480 585 1557 suti
606 1478 686 1561 Naso
700 1486 730 1546 6.
744 1481 823 1548 Met.
844 1489 984 1569 vocantu)
1008 1485 1037 1550 dr
1052 1486 1124 1567 tepi-

108 1568 248 1643 diuscull
263 1563 399 1650 Zephyri
414 1564 487 1630 auri
502 1564 708 1649 turgescentia
722 1569 871 1648 relinere,
895 1568 1124 1633 &inillossuos

108 1673 242 1730 vernos,
262 1653 404 1730 intraque
426 1664 513 1737 terrae
534 1664 661 1713 uterum
683 1650 784 1715 adhuc
807 1653 982 1732 latitantes,
1005 1651 1123 1733 &jam-

107 1738 176 1821 jam
197 1749 394 1814 erumpentes
411 1732 532 1811 foetus,
554 1737 730 1818 emulgere,
751 1735 925 1816 pariterque
945 1736 976 1797 in
993 1732 1141 1816 jamna·-

112 1839 162 1885 tos
184 1817 432 1901 candidiffimum
452 1814 544 1879 suum
562 1814 696 1897 ladiique
712 1812 907 1881 simillimum
921 1838 1048 1901 rorem,
1070 1838 1123 1882 ceu

112 1902 197 1983 Juuo
220 1900 382 1981 quondam
403 1901 434 1961 in
458 1900 541 1976 lilia,
562 1899 601 1961 de
622 1897 716 1963 nodie
740 1901 912 1983 dispergere
927 1903 1035 1982 coeplt.
1077 1897 1122 1979 Ut

111 1984 204 2050 mane
219 1982 303 2047 sudio
320 2031 328 2061 ,
351 1979 459 2061 siquid
474 1981 618 2062 genitalis
635 1983 718 2047 illius
735 1982 886 2063 ladleique
899 1984 984 2048 succi
1000 1986 1039 2051 ab
1056 1981 1121 2046 auti

109 2065 265 2133 nosiutud
288 2065 364 2142 (non
384 2064 461 2141 enim
480 2055 533 2142 nist
552 2061 611 2124 hac·
626 2065 703 2125 omni
721 2066 903 2151 quiescente,
923 2065 1023 2149 Juxta*
1045 2063 1122 2142 Pst'u,

108 2150 158 2214 lib.
177 2149 223 2224 18,
240 2167 323 2227 aro.
340 2144 449 2206 cadunt
464 2148 563 2226 rores)
594 2149 752 2228 reliquum
773 2147 917 2231 factum,
937 2152 1045 2215 videas
1069 2165 1123 2212 tre·

108 2237 236 2297 anulum
251 2250 336 2297 mare
348 2229 503 2305 mellifluo
518 2232 617 2305 uisere
631 2250 726 2312 atv0,
749 2232 1042 2313 (arPue'taveturie
1052 2231 1123 2295 Cen·

109 2315 226 2395 rimetru
248 2311 344 2375 Servii
356 2310 503 2397 loquitur)
524 2315 687 2396 guttisque
708 2315 814 2396 passim
830 2318 968 2391 flosculis
983 2319 1027 2383 ita
1039 2322 1124 2391 haere·

109 2421 161 2476 re,
185 2413 218 2462 ut
243 2398 377 2463 lacrimae
392 2396 493 2474 oculis
508 2397 631 2462 solent:
652 2397 807 2478 quaecum
822 2399 946 2480 casum,
966 2401 1001 2465 in
1016 2418 1121 2481 quem,

110 2504 167 2546 ceu
183 2477 459 2566 gravioressadae,
482 2481 694 2562 propendent,
715 2481 834 2563 semper
848 2484 1052 2561 minitentur,
1073 2482 1123 2544 ali-

110 2565 248 2644 quandiu
270 2579 374 2627 tamen
396 2563 588 2639 rotunditate
609 2564 641 2642 sp
659 2563 713 2639 sud
736 2565 835 2641 adhuc
849 2564 1121 2644 sufflamineot,dr

111 2650 282 2710 umbellam
302 2647 384 2725 quast
407 2647 576 2724 quamdam
596 2648 740 2728 fioribus,
762 2649 888 2713 cosdem
909 2664 1122 2733 vegetantem,

110 2729 269 2793 inducant.
292 2728 368 2809 Quo
383 2728 449 2810 ipso
464 2730 517 2806 fit,
539 2744 574 2792 ut
589 2729 665 2793 rosae
680 2751 854 2812 purpureae,
864 2749 1015 2813 tanquam
1024 2731 1122 2815 Nym·

110 2818 176 2895 plia
196 2811 398 2893 pudibundae,
419 2811 544 2891 publico
567 2811 599 2876 se
623 2813 747 2891 sistant,
767 2831 859 2894 atque
880 2816 1059 2897 proferant,
1078 2831 1121 2875 ea·

110 2901 244 2976 rquue
258 2915 315 2976 ceu
329 2895 486 2976 virginum
501 2897 674 2977 mamilla,
697 2895 761 2978 qui)
776 2903 845 2980 plus
864 2901 1006 2963 humoris
1021 2897 1050 2961 dr
1066 2915 1122 2960 coe·

109 2981 190 3041 lestis
211 2980 332 3057 sudoris
354 2979 409 3057 sub
432 2979 551 3042 lumine
572 2976 673 3043 Lunae
693 2982 844 3060 roscida,
867 2983 896 3058 dr
918 2980 1121 3067 purgatissimo
1153 3021 1156 3031 .

109 3061 211 3124 uoffls
234 3066 303 3137 a'e're
328 3063 537 3146 collegerint,
558 3060 598 3124 eo
620 3062 711 3129 citids
737 3065 769 3141 se
790 3066 924 3146 aperire,
946 3065 975 3128 dt
999 3063 1121 3143 restibus

110 3142 294 3224 denudare,
322 3161 414 3225 atque
434 3146 549 3226 nuptiis
572 3148 669 3210 veluti
697 3148 876 3228 prostituere
897 3148 1122 3221 consueverint,

112 3224 163 3290 Ut
186 3227 279 3308 ipsae,
301 3227 425 3299 Venere
446 3229 488 3291 ita
508 3226 661 3310 jubente,
682 3250 813 3294 omnem
841 3234 1014 3312 ruborem,
1035 3242 1123 3312 quetu

110 3307 272 3392 tantopere
302 3311 470 3374 carum&
493 3312 659 3377 occlusum
685 3311 768 3394 priris
789 3312 984 3395 habuissent,
1022 3309 1122 3396 positi·

109 3389 178 3477 diij,
201 3414 258 3456 ceu
273 3394 389 3460 maritae
401 3394 468 3476 jam
481 3393 586 3474 saclas,
601 3396 1124 3479 inapricumprodere,&omnium

110 3473 210 3540 oculis
232 3495 411 3557 exponere,
434 3476 650 3557 pudicitiaeque
665 3478 795 3542 claustra
808 3479 974 3566 effringere
996 3500 1062 3547 non
1075 3497 1125 3547 ver

109 3574 233 3643 reantur
256 3556 400 3637 amplius.
443 3555 568 3621 Eodem
589 3559 667 3632 verb¹
685 3561 801 3642 padio,
823 3581 888 3641 quo
915 3566 1032 3629 florum
1053 3559 1126 3646 regi·

109 3662 184 3718 nas,
207 3660 265 3705 ceu
278 3686 282 3693 -
284 3639 352 3720 jam
372 3639 499 3717 sponsas
523 3641 669 3719 produxit
684 3690 694 3720 ,
716 3645 772 3708 illa
786 3647 850 3726 ipsa
863 3644 1027 3711 Amorum
1042 3645 1126 3720 Dea,

109 3724 212 3810 roseas
224 3743 365 3811 qupqqe-
378 3721 408 3804 ὅς
421 3721 556 3805 roscidas
570 3722 736 3827 Nymphas
751 3728 821 3825 suas
834 3749 888 3814 per
909 3749 1037 3810 amoena
1048 3744 1125 3809 mytr

1070 3821 1126 3890 tete
