2460 4260
97 213 168 303 ,84
380 189 827 270 eurruo

95 339 235 401 consciam
242 332 338 394 Heriis
350 345 384 397 ac
391 329 514 415 Leandri
527 329 668 418 furtorum
680 331 834 418 lucernam.
853 331 945 408 Quod
958 330 1110 419 sanePoitt
1169 358 1171 367 ·

95 417 221 476 Musaeus
236 414 289 472 ait:

212 504 217 511 ·
231 539 347 621 Κςνφῖων
362 533 524 616 ἓπιμιίςτυρφ
537 533 626 611 λύχνον
640 531 739 618 ipa'wt.

229 703 389 760 Occultarum
401 695 486 773 testem
502 694 635 752 lucernam
652 712 778 759 amorum.

101 859 211 914 Verum
231 853 295 930 rasta
314 849 459 924 figulinam
481 848 566 906 etiam
587 845 731 905 lucernam
749 845 891 928 fignificat.
932 847 1004 927 Quo
1021 857 1112 920 genere

101 935 257 991 innumerae
275 929 307 988 in
327 926 524 1002 Antiquorum
544 923 729 983 monimentis
747 924 906 984 etiamnum
920 933 1048 1004 manent,
1083 919 1113 979 Et

100 1007 234 1088 Virgilius
248 1005 279 1064 in
293 1002 442 1095 Georgicis
455 1001 509 1097 ait:
755 1010 757 1014 “
1011 1007 1014 1011 ’

232 1164 263 1220 N
264 1181 277 1218 e
291 1159 422 1217 uotiuum:
436 1155 536 1231 quidem
548 1168 679 1232 carpentes
687 1153 768 1232 pmfit,
776 1156 867 1237 puella
883 1206 886 1214 ,
914 1161 917 1164 ’

233 1237 377 1312 ΝεῙεὶυένθ
389 1237 492 1307 hiemem
499 1270 510 1300 ,
527 1231 592 1308 rejici
607 1252 662 1288 cum
676 1234 787 1290 acuente
797 1235 919 1309 uiderem!
933 1242 940 1297 1

234 1310 485 1391 Scintillarculrum.
505 1335 599 1355 -ι
637 1306 877 1367 Accuusrus.

145 1466 226 1537 ibici]
249 1462 345 1522 Puella
365 1462 441 1529 Ero,
462 1460 509 1517 cui
528 1460 616 1536 patria
624 1459 691 1537 ufssit
711 1458 801 1537 Sestos
820 1457 884 1518 urbs
902 1460 1082 1539 Hellesponti
1098 1466 1123 1538 in

104 1545 190 1612 'Afia,
210 1545 239 1600 &
253 1558 319 1616 quae
331 1538 359 1596 se
374 1539 404 1596 in
418 1553 495 1596 mare
507 1537 695 1612 praecipitavit
709 1554 745 1594 ex
758 1536 961 1608 summatum,
982 1539 1124 1616 postquin‘r

108 1612 180 1679 'vidit
200 1616 364 1676 Leandrum
383 1613 465 1672 suum
480 1630 515 1672 ex
530 1612 637 1689 Abydo
650 1611 758 1671 'adversa
771 1611 860 1670 litoris
872 1615 981 1690 oppido
995 1615 1127 1674 summer*

6 1689 9 1692 ’
108 1698 170 1757 sum
187 1725 195 1766 ς
220 1695 284 1752 haec
297 1710 383 1751 manu
397 1690 483 1764 gestat
496 1687 673 1758 simulacrum
688 1689 821 1748 fumantis
834 1687 901 1748 facis
917 1704 926 1758 ²,
955 1693 987 1750 &
1005 1692 1126 1766 ignium,

109 1773 224 1832 iliorum
232 1786 304 1847 quos
318 1767 406 1826 noctu
419 1765 495 1824 adse
509 1766 616 1823 natanti
627 1758 761 1823 Leandro
771 1764 879 1833 ,cursus
889 1765 1029 1840 dirigendi
1035 1767 1129 1843 gratii,

109 1850 216 1908 solebat
234 1849 272 1903 'ex
294 1844 389 1902 casua
409 1840 646 1901 turri‘ostende're.
685 1841 778 1918 rastas·
792 1840 847 1900 dici
861 1841 923 1900 vasa
940 1850 1033 1901 terrea
1042 1858 1059 1913 “,
1084 1843 1130 1902 ad‘·

111 1921 275 1983 notavimus
295 1922 323 1978 in
344 1920 526 1993 Epigramma
546 1917 778 1992 septuagesimum
791 1918 923 1992 primum.
961 1920 1131 1996 Tastamboc

109 2002 178 2058 loco
204 2008 288 2056 vocat
315 1995 481 2061 Ausonius,
500 2009 587 2070 quem
607 1996 721 2065 λύχνοι,
741 1993 873 2052 Musaeus.
918 1993 1084 2069 Fulgentius
1102 1998 1130 2055 in

110 2073 319 2149 Mythologicis
339 2071 368 2129 id
390 2069 492 2128 Latine
514 2071 634 2127 Lucerna
655 2069 741 2128 dixit:
763 2071 792 2127 &
813 2070 926 2128 Marcus
946 2071 1041 2130 Varro
1060 2073 1130 2131 libro

111 2163 212 2235 quarto
228 2149 263 2205 de
276 2149 370 2219 lingua
386 2146 487 2204 Latina
499 2142 642 2204 Lucernam
657 2143 711 2204 effe
723 2145 831 2212 scribit,
851 2146 1134 2222 quodvocantGrae-

111 2245 137 2283 cr
152 2229 251 2295 λύχνοι.
278 2222 370 2278 Vetus
390 2223 475 2285 etiam
489 2223 623 2297 interpres
639 2223 806 2285 Graecorum
814 2222 1137 2298 Euangeliommarpa·

110 2305 254 2363 Lucernam
274 2298 376 2366 uertit,
395 2315 429 2355 ac
447 2299 596 2374 antiquum
618 2296 796 2357 Glossarium.
835 2299 903 2357 Hoc
924 2316 989 2368 vas,
1009 2318 1046 2358 ex
1086 2319 1137 2359 ua-

112 2378 225 2454 cunque
239 2375 356 2437 materia
369 2384 479 2433 veteres
492 2374 610 2434 fecerint
630 2375 700 2448 (nos
713 2375 800 2432 hodie
815 2375 926 2443 ferreis,
946 2374 1042 2446 aereis,
1064 2319 1138 2436 fian-

111 2458 171 2516 neis
180 2479 197 2523 ,*
209 2455 295 2528 vulgo
311 2453 434 2530 utimur)
452 2452 482 2510 in
496 2451 526 2511 id
540 2452 638 2510 oleum
652 2451 866 2509 infundebatur:
887 2452 915 2508 ὅ(
930 2453 959 2510 in
973 2452 1139 2512 oleumim-

62 2557 64 2561 ·
113 2531 291 2603 mergebatur
310 2528 397 2596 illud,
416 2527 494 2603 quod
514 2529 544 2585 in
563 2527 669 2603 lychno
690 2528 755 2603 quia
769 2524 852 2594 effet,
872 2527 968 2596 idest,
988 2529 1015 2585 ὠ
1029 2533 1138 2601 λύχνῳ,

114 2607 208 2665 Gracci
221 2607 361 2674 ἐλλύχνιον,
380 2603 569 2677 adpellarunt,
588 2616 620 2662 ut
635 2603 802 2662 Herodotus
815 2602 887 2682 libro
901 2602 1025 2662 secundo
1040 2604 1077 2663 de
1089 2605 1140 2664 lu-

114 2680 421 2755 cernis’AEgyptiorum
431 2691 447 2747 ,¹
459 2694 510 2754 pro
524 2690 583 2755 quo
598 2681 733 2745 Latinum
750 2693 810 2738 non
823 2679 916 2738 h'abeo
932 2721 940 2748 ,
959 2680 1041 2755 q'uod
1057 2681 1137 2740 dem.

113 2761 253 2818 Fauccrlium
272 2755 303 2813 id
322 2755 439 2831 quidem
461 2757 577 2828 exponit
597 2767 678 2818 vetus
692 2753 871 2814 Gloiiarium.
909 2755 964 2814 Sed
975 2756 1034 2814 hoc
1047 2775 1139 2816 voca—

112 2836 210 2894 bulum
224 2832 289 2890 alibi
303 2848 362 2889 non
376 2830 449 2904 legi,
469 2831 499 2887 &
508 2829 625 2900 nescio,
645 2831 868 2908 quirn'probum·
881 2831 922 2890 srt'.
961 2832 1063 2892 Funalc
1075 2835 1139 2894 for-

112 2912 185 2970 raffis
197 2909 236 2969 ibi
248 2906 410 2983 legendum.
440 2909 613 2982 Quanquam
628 2912 728 2966 Fuaalc
741 2907 852 2984 proprie
865 2907 919 2966 dici
933 2909 1038 2978 vide0,
1060 2912 1137 2986 apud

113 2990 286 3045 Ciceronem
300 2986 330 3042 &
345 2984 492 3042 Valerium
506 2983 666 3054 deDuilio,
689 2984 718 3043 id
732 3001 820 3058 genus
832 2985 915 3052 facis,
935 2985 1013 3061 quod
1022 3004 1058 3043 ex
1066 2988 1137 3045 fune

113 3081 177 3121 cera
197 3061 356 3120 circumlito
377 3061 417 3120 fit.
455 3062 603 3136 Ellychuiau
625 3077 692 3136 ergo
708 3062 801 3118 Graeci
820 3071 943 3129 vocant,
962 3062 1042 3137 quod
1055 3063 1137 3122 ardet

113 3140 142 3197 in
154 3136 278 3212 'lychno
296 3208 299 3212 μ
319 3139 480 3214 Graecoque
501 3154 552 3212 pro
572 3136 622 3195 suo
642 3154 702 3195 non
722 3137 818 3195 timuit
838 3139 999 3214 frequenter
1017 3139 1060 3196 uti
1079 3139 1139 3198 Pii·-

113 3217 176 3274 nius
199 3212 340 3270 Naturalis
365 3213 487 3273 historiae
512 3213 631 3280 aucior,
659 3212 748 3271 veluti
771 3212 843 3272 libro
863 3214 997 3273 vicefimo
1021 3216 1139 3284 tertio,

115 3309 174 3364 cap.
186 3303 239 3349 tv:
247 3290 381 3365 Ellychnia
402 3309 436 3346 ex
456 3311 507 3347 una
519 3293 593 3367 fiunt
603 3292 744 3348 *claritatis
752 3293 888 3367 precipua.
927 3291 964 3349 Et
975 3289 1140 3350 ‘vicefim04

115 3367 236 3433 octavo,
256 3383 368 3442 cap.x1.
389 3368 491 3442 Optimi
505 3369 634 3443 Ellychnio
641 3381 802 3445 papyraceo,
820 3368 1062 3445 oleoquesesamiuc.
1080 3369 1140 3426 Lu-

112 3463 249 3507 arenarum
270 3447 353 3501 lumcn
374 3442 516 3500 interdum
537 3453 664 3508 vertent,
683 3453 715 3499 ut
733 3441 805 3499 libro
825 3442 959 3501 vicefimo
978 3444 1072 3518 primo
1098 3443 1139 3504 de

40 3524 43 3531 '
110 3523 200 3597 junco
213 3517 317 3583 herba,
337 3535 396 3591 cap.
404 3535 505 3574 xvr11.
527 3519 591 3593 Usus
605 3521 642 3574 aa!
653 3517 739 3594 naffirs
752 3520 888 3588 marinas,
906 3523 1139 3596 uitiliumrlcgan·

113 3603 196 3666 tiara,
216 3596 380 3650 lucernarum
399 3594 498 3649 lumina
515 3597 643 3668 precipua
657 3596 777 3650 medulla.
817 3591 854 3650 Et
867 3593 1004 3654 vicesimo
1019 3597 1141 3672 quinsto

115 3675 150 3731 de
171 3669 302 3730 verbasco
323 3667 375 3726 alia
394 3665 497 3734 herba,
517 3682 612 3741 capu.
634 3671 726 3724 Tertia
740 3669 871 3742 Lychnitis
884 3687 1010 3740 vacatur,
1030 3675 1063 3740 ab
1077 3676 1142 3730 aliis

114 3752 250 3824 impellis,
265 3746 341 3830 saliis
359 3746 455 3813 ternis,
477 3757 525 3813 aut
548 3746 743 3823 cumplurimum
764 3751 901 3826 quaternis
912 3789 924 3823 ,
947 3746 1035 3826 craffcs
1046 3791 1061 3821 ‚
1075 3754 1142 3828 pin·

118 3845 122 3853 '
155 3860 166 3869 ¹·
435 3838 438 3849 “
1074 3832 1141 3905 8¹⁴⁸}

1165 716 1171 917 i

1168 922 1171 961 Ι
