2460 4260
154 237 232 316 206
295 223 450 309 cusu.
474 227 727 304 nunaunt
752 190 1067 310 amnunvss
1112 221 1115 227 ’

154 380 330 452 repertum,
352 362 475 430 Vinctus
488 363 602 428 meritb
621 363 798 446 suspeetum
817 365 933 429 habuit.
962 363 1094 450 Scaliger
1106 364 1177 429 lace·

153 475 223 516 rans
244 453 393 534 reposuiu
435 449 540 515 Nolui
563 469 641 532 eg03
662 468 729 512 non
744 450 831 512 enim
846 451 912 512 aliae
926 469 1016 514 cunae
1036 452 1175 534 Semeles

101 572 106 579 ι
149 534 243 604 'fuisse
258 537 320 602 dici
335 535 459 619 possunt
474 531 618 614 depi&ae;
639 533 737 612 quim
753 537 832 597 latus
841 535 952 615 ipstus,
973 533 1176 614 quodambu·

151 631 224 686 tens
246 621 365 705 Jupiter
388 617 515 683 extraxit
530 614 704 680 Bacchum
731 615 825 680 Cana
841 617 975 762 ambusta
989 618 1064 682 sunt
1078 620 1177 701 ipsum

150 724 267 786 corpus
289 704 446 781 Semeles,
468 700 553 764 unde
573 719 642 763 non
663 703 776 778 aliter,
799 700 894 780 quim
923 715 1042 762 aterum
1058 699 1177 780 Ausonia

150 786 298 854 relidium
315 802 402 870 puto.
438 781 586 845 Laterum
595 798 650 867 per
663 783 764 844 inania
777 784 872 865 phtafi
890 805 929 848 eo
945 803 1012 849 aevo
1027 786 1176 850 ufitatiffi·

150 891 222 952 ma,
243 871 284 936 est
297 893 349 955 per
363 873 463 934 latera
477 866 541 948 ipsa
554 866 686 950 spoliata
702 869 921 949 pondete'sum
958 867 1033 933 Nec
1049 871 1120 949 quis
1138 871 1173 933 de

121 1018 123 1023 .
151 957 298 1019 lateribus
312 955 438 1040 sugillet
454 973 463 1028 ;
484 951 557 1015 inde
572 952 658 1015 enim
673 951 845 1016 extradum
861 950 972 1015 maluit
982 951 1085 1032 pido'r
1103 972 1174 1032 pue-

151 1057 224 1104 rum
244 1040 391 1125 pingere,
414 1035 510 1117 quim
531 1055 585 1116 pet
607 1052 707 1116 partes
723 1033 856 1099 minime
872 1039 1090 1119 plangentibus
1107 1057 1175 1121 ape·

150 1122 284 1188 riendaS.
327 1120 475 1184 Lacerant
501 1117 578 1183 veti)
608 1139 697 1182 cunas
725 1119 867 1202 ambustas
890 1135 944 1204 per
971 1119 1074 1200 inania
1101 1120 1177 1184 dura

171 1207 274 1274 brusts.
948 1269 951 1276 ,

149 1229 169 1292 p
190 1288 306 1373 [Dura
326 1287 398 1351 sunt
419 1288 487 1363 que
507 1284 555 1347 vir
582 1283 774 1349 dodliffimut
797 1287 1050 1352 comminiscitur
1068 1317 1078 1367 ,-
1109 1287 1175 1365 quis

150 1376 238 1439 enim
258 1391 346 1432 cunas
367 1369 428 1458 dici
451 1382 538 1451 putet
560 1387 672 1449 corpus
694 1370 795 1451 ipsum
810 1368 971 1450 Semeles,
995 1369 1072 1433 ciam
1089 1387 1175 1434 cunae

150 1456 274 1521 nonnifi
290 1454 369 1518 natis
385 1449 518 1516 dentur?
544 1451 627 1533 Quis
640 1451 739 1513 inania
751 1449 878 1512 laterum
892 1464 949 1533 pto
965 1469 1059 1518 utero
1074 1450 1175 1516 va'cuo

84 1577 86 1582 ·
148 1539 248 1604 ferat?
269 1537 351 1620 Quis
372 1535 479 1601 sensus
503 1538 536 1599 in
557 1535 621 1599 hist
644 1533 688 1597 Et
704 1549 757 1618 per
778 1535 877 1596 inania
890 1535 1017 1599 laterum
1033 1536 1176 1616 ambustas

149 1643 260 1704 cunas,
280 1622 422 1704 agaunum
435 1619 531 1704 ignem
536 1615 674 1696 fimulati
678 1617 816 1698 fulminis
831 1617 972 1681 ventilat?
996 1619 1174 1680 Simulatum

54 1759 57 1768 t
142 1705 262 1786 fulmen
278 1703 330 1769 hic
345 1703 386 1768 eil
406 1704 523 1787 falsum
536 1703 683 1781 fulmen,
712 1704 742 1767 dt
764 1707 862 1768 veluti
882 1707 993 1769 umbra
1012 1700 1174 1781 fulminis,

151 1793 225 1871 quia
241 1791 274 1854 in
292 1788 398 1853 inferis
412 1808 525 1852 vetum
539 1787 633 1866 nihil,
655 1785 707 1852 sed
724 1789 861 1852 evanidae
873 1787 1000 1852 tantum
1014 1788 1176 1871 imaginem

66 1898 67 1904 ¹
149 1874 234 1940 Vide
251 1888 360 1936 notata
372 1871 411 1935 ad
426 1876 510 1936 hunc
526 1874 645 1936 locum.
686 1869 720 1934 A
731 1881 785 1938 uo'
798 1889 819 1935 n
830 1867 972 1951 intusa]

188 1965 275 2033 Mox
288 1965 381 2030 versu
396 1983 530 2028 xxv111.
554 2050 559 2061 ⁸
586 1985 589 1995 ¹

228 2075 303 2145 Tota
317 2103 427 2168 quoque
440 2082 525 2145 atria
541 2078 660 2144 Minoia
665 2080 771 2161 fabula
787 2073 900 2165 Creta,

226 2163 423 2227 Picturaam
436 2163 543 2246 instar,
560 2165 643 2228 tenui
648 2166 706 2246 sub
720 2167 846 2264 imagine
859 2167 968 2233 vibrata

147 2280 343 2370 Legendum
353 2277 539 2364 pilluraaum
552 2280 651 2362 influat
692 2281 788 2365 Instar
802 2282 843 2348 est
857 2284 963 2370 imago
980 2333 991 2367 ,
1013 2287 1176 2354 adimula·

147 2371 206 2434 tio.
229 2363 423 2428 Pilluratum
436 2362 526 2446 instar
539 2367 645 2450 imago
653 2368 744 2433 variis
753 2369 913 2441 coloribus
921 2370 1068 2454 expreffa.
1083 2371 1176 2438 Mul·

147 2453 189 2527 tis
201 2451 240 2515 de
253 2455 311 2514 hac
325 2468 408 2514 voce
425 2448 463 2512 ad
479 2446 647 2533 Apulejum.

190 2530 325 2617 [Fabula
349 2531 447 2595 Creta
466 2533 550 2596 uiriae
577 2533 660 2612 (hoc
681 2534 747 2617 est,
768 2532 924 2617 infernae,
946 2547 1015 2619 quae
1042 2539 1076 2603 in
1095 2539 1176 2602 a’e’ris

145 2619 289 2699 campis)
311 2616 515 2701 imaginibus,
537 2615 728 2700 piduratum
743 2622 851 2705 instat,
873 2621 992 2702 effida,
1006 2623 1176 2688 subtenui-

141 2705 203 2768 bus
217 2701 388 2765 stmulacris
400 2701 518 2781 vibrat,
540 2704 602 2767 hoc
618 2702 677 2784 est,
698 2721 856 2775 movetur.
886 2705 1005 2774 Similis
1019 2709 1062 2774 est
1076 2709 1177 2792 pittu-

146 2787 207 2867 tis,
229 2804 298 2866 quae
311 2791 526 2848 moverentur.
569 2783 846 2870 Auouutuus]
1011 2794 1017 2798 ”

73 2964 75 2968 ,
180 2889 262 2957 ,Post
275 2909 343 2956 non
357 2891 481 2973 multa,
501 2890 540 2955 de
556 2887 667 2958 Luna:

341 3022 389 3055 '—-
408 3006 477 3070 olim
492 3006 586 3094 qualis
593 3023 650 3093 per
666 3008 791 3074 Latmia
800 3012 880 3092 saxa
900 3015 904 3021 “

260 3088 474 3173 Endymioneos
487 3089 552 3172 fola
571 3090 716 3171 adfeliare
729 3098 853 3180 soporata

141 3203 300 3287 Adfillare
322 3206 375 3272 hic
399 3213 531 3275 verbum
551 3211 594 3276 est
616 3206 776 3295 Veneris,
805 3209 822 3278 i
850 3215 941 3279 nobis
962 3229 1113 3282 notatum
1135 3220 1173 3284 ad

141 3289 355 3356 Claudianum.
379 3290 542 3379 Significat
549 3296 588 3360 ad
597 3299 802 3362 concubitum
815 3301 987 3363 conciliare
995 3305 1096 3380 velle,
1108 3304 1174 3368 Ve-

142 3375 226 3439 neris
248 3395 296 3440 tes
326 3376 420 3442 alicui
442 3381 616 3461 propinate.
660 3379 908 3446 Commentatot
929 3382 1031 3448 Vetus
1052 3384 1176 3448 Horatii

142 3455 253 3522 Lib.1.
273 3456 338 3524 Sat.
350 3481 396 3525 11.
417 3459 596 3527 Permolere.
623 3460 757 3546 Wolura,
772 3463 920 3550 polluere,
941 3465 1106 3551 affidare,
1121 3469 1174 3532 ad·

137 3554 238 3624 petere
254 3540 313 3604 dte.
349 3543 387 3606 In
403 3564 473 3608 eum
486 3544 675 3611 sententiam
690 3547 747 3610 isto
766 3553 840 3611 loco
854 3546 1015 3634 Ausonius,
1038 3555 1071 3616 in
1087 3574 1172 3619 eam-

141 3623 217 3690 dem
243 3615 443 3714 lirtullianus
465 3625 538 3692 Lib.
562 3628 602 3692 de
623 3628 791 3713 Ptaescript.
824 3632 969 3699 adversus
996 3636 1173 3703 Haereticos

141 3726 209 3789 cap.
219 3727 317 3789 v111,
347 3705 457 3772 Fuerat
476 3707 600 3773 Athenis
627 3711 668 3786 &
695 3711 777 3775 illam
789 3717 967 3811 sapientiam
986 3717 1171 3803 humanam,

138 3787 357 3870 autfettaricem
377 3791 419 3868 ξς)
440 3793 684 3886 intetpolatricem
703 3795 847 3868 Venena
867 3799 903 3863 de
918 3801 1173 3888 >cangreffibusm-

187 3910 190 3917 ¹
1072 3901 1171 3950 verul.

999 1879 1002 1888 ι
