<?xml version="1.0" encoding="UTF-8"?>
<!DOCTYPE html PUBLIC "-//W3C//DTD XHTML 1.0 Transitional//EN"
    "http://www.w3.org/TR/xhtml1/DTD/xhtml1-transitional.dtd">
<html xmlns="http://www.w3.org/1999/xhtml" xml:lang="en" lang="en">
 <head>
  <title>
</title>
<meta http-equiv="Content-Type" content="text/html;charset=utf-8" />
  <meta name='ocr-system' content='tesseract 3.04.00' />
  <meta name='ocr-capabilities' content='ocr_page ocr_carea ocr_par ocr_line ocrx_word'/>
</head>
<body>
  <div class='ocr_page' id='page_1' title='image "./pervigiliumvene00ausogoog_0208.png"; bbox 0 0 2460 4260; ppageno 0'>
   <div class='ocr_carea' id='block_1_1' title="bbox 253 221 1128 351">
    <p class='ocr_par' dir='ltr' id='par_1_1' title="bbox 253 221 1128 351">
     <span class='ocr_line' id='line_1_1' title="bbox 253 221 1128 351; baseline 0.014 -49"><span class='ocrx_word' id='word_1_1' title='bbox 253 221 511 302; x_wconf 89' lang='lat' dir='ltr'>CRUCI</span> <span class='ocrx_word' id='word_1_2' title='bbox 568 221 955 301; x_wconf 81' lang='lat' dir='ltr'>ADF&#39;IXUS.</span> <span class='ocrx_word' id='word_1_3' title='bbox 1043 232 1128 351; x_wconf 62' lang='lat'>182.</span> 
     </span>
    </p>
   </div>
   <div class='ocr_carea' id='block_1_2' title="bbox 93 349 1017 752">
    <p class='ocr_par' dir='ltr' id='par_1_2' title="bbox 93 349 1017 752">
     <span class='ocr_line' id='line_1_2' title="bbox 93 349 937 454; baseline -0.009 -21"><span class='ocrx_word' id='word_1_4' title='bbox 93 357 193 436; x_wconf 88' lang='lat' dir='ltr'>Licia</span> <span class='ocrx_word' id='word_1_5' title='bbox 211 353 277 429; x_wconf 89' lang='lat' dir='ltr'>sert</span> <span class='ocrx_word' id='word_1_6' title='bbox 292 360 482 454; x_wconf 85' lang='lat' dir='ltr'>glomerata</span> <span class='ocrx_word' id='word_1_7' title='bbox 498 374 601 425; x_wconf 86' lang='lat' dir='ltr'>manu</span> <span class='ocrx_word' id='word_1_8' title='bbox 618 349 749 425; x_wconf 86' lang='lat' dir='ltr'>deserta</span> <span class='ocrx_word' id='word_1_9' title='bbox 767 352 937 435; x_wconf 77' lang='lat' dir='ltr'>Ariadne,</span> 
     </span>
     <span class='ocr_line' id='line_1_3' title="bbox 94 447 932 551; baseline -0.007 -18"><span class='ocrx_word' id='word_1_10' title='bbox 94 455 252 551; x_wconf 91' lang='lat' dir='ltr'>Despicit</span> <span class='ocrx_word' id='word_1_11' title='bbox 268 458 409 549; x_wconf 74' lang='lat' dir='ltr'>abjedias</span> <span class='ocrx_word' id='word_1_12' title='bbox 426 450 604 548; x_wconf 83' lang='lat' dir='ltr'>desperans</span> <span class='ocrx_word' id='word_1_13' title='bbox 621 447 763 523; x_wconf 86' lang='lat' dir='ltr'>Phaedta</span> <span class='ocrx_word' id='word_1_14' title='bbox 778 451 932 527; x_wconf 86' lang='lat' dir='ltr'>tabellas.</span> 
     </span>
     <span class='ocr_line' id='line_1_4' title="bbox 93 549 1017 651; baseline -0.001 -23"><span class='ocrx_word' id='word_1_15' title='bbox 93 556 177 628; x_wconf 80' lang='lat' dir='ltr'>Hac</span> <span class='ocrx_word' id='word_1_16' title='bbox 194 559 352 651; x_wconf 90' lang='lat' dir='ltr'>laqueum</span> <span class='ocrx_word' id='word_1_17' title='bbox 369 555 475 650; x_wconf 86' lang='lat' dir='ltr'>gerit,</span> <span class='ocrx_word' id='word_1_18' title='bbox 494 552 561 622; x_wconf 84' lang='lat' dir='ltr'>haec</span> <span class='ocrx_word' id='word_1_19' title='bbox 577 571 666 621; x_wconf 81' lang='lat' dir='ltr'>vanae</span> <span class='ocrx_word' id='word_1_20' title='bbox 684 549 860 622; x_wconf 86' lang='lat' dir='ltr'>stmulacta</span> <span class='ocrx_word' id='word_1_21' title='bbox 875 574 1017 630; x_wconf 82' lang='lat' dir='ltr'>coronae.</span> 
     </span>
     <span class='ocr_line' id='line_1_5' title="bbox 93 648 961 752; baseline -0.007 -22"><span class='ocrx_word' id='word_1_22' title='bbox 93 651 257 730; x_wconf 77' lang='lat' dir='ltr'>Dedaliae</span> <span class='ocrx_word' id='word_1_23' title='bbox 271 653 379 752; x_wconf 89' lang='lat' dir='ltr'>pudet</span> <span class='ocrx_word' id='word_1_24' title='bbox 395 653 481 726; x_wconf 87' lang='lat' dir='ltr'>hanc</span> <span class='ocrx_word' id='word_1_25' title='bbox 497 649 645 723; x_wconf 88' lang='lat' dir='ltr'>latebras</span> <span class='ocrx_word' id='word_1_26' title='bbox 662 648 792 722; x_wconf 83' lang='lat' dir='ltr'>subiisse</span> <span class='ocrx_word' id='word_1_27' title='bbox 808 651 961 744; x_wconf 77' lang='lat' dir='ltr'>juvenca.</span> 
     </span>
    </p>
   </div>
   <div class='ocr_carea' id='block_1_3' title="bbox 1025 751 1114 828">
    <p class='ocr_par' dir='ltr' id='par_1_3' title="bbox 1025 751 1114 828">
     <span class='ocr_line' id='line_1_6' title="bbox 1025 751 1114 828; baseline 0.056 -4"><span class='ocrx_word' id='word_1_28' title='bbox 1025 751 1114 828; x_wconf 58' lang='grc' dir='ltr'>Ρτεεὅ</span> 
     </span>
    </p>
   </div>
   <div class='ocr_carea' id='block_1_4' title="bbox 88 877 1183 3023">
    <p class='ocr_par' dir='ltr' id='par_1_4' title="bbox 88 877 1183 3023">
     <span class='ocr_line' id='line_1_7' title="bbox 95 877 1183 970; baseline 0.004 -18"><span class='ocrx_word' id='word_1_29' title='bbox 95 882 237 952; x_wconf 69' lang='lat' dir='ltr'>Ariadnes</span> <span class='ocrx_word' id='word_1_30' title='bbox 255 890 292 951; x_wconf 85' lang='lat' dir='ltr'>ad</span> <span class='ocrx_word' id='word_1_31' title='bbox 311 878 455 950; x_wconf 85' lang='lat' dir='ltr'>Theseum</span> <span class='ocrx_word' id='word_1_32' title='bbox 505 888 592 949; x_wconf 73' lang='lat' dir='ltr'>istola</span> <span class='ocrx_word' id='word_1_33' title='bbox 630 877 765 949; x_wconf 76' lang='lat' dir='ltr'><strong>Fabulam</strong></span> <span class='ocrx_word' id='word_1_34' title='bbox 784 893 894 950; x_wconf 84' lang='lat' dir='ltr'>narrant</span> <span class='ocrx_word' id='word_1_35' title='bbox 912 891 1060 970; x_wconf 84' lang='lat' dir='ltr'>Hyginus,</span> <span class='ocrx_word' id='word_1_36' title='bbox 1080 895 1112 955; x_wconf 71' lang='grc' dir='ltr'>δι’</span> <span class='ocrx_word' id='word_1_37' title='bbox 1180 916 1183 929; x_wconf 88' lang='grc'><em>·</em></span> 
     </span>
     <span class='ocr_line' id='line_1_8' title="bbox 97 964 1112 1043; baseline -0.008 -16"><span class='ocrx_word' id='word_1_38' title='bbox 97 968 209 1028; x_wconf 85' lang='lat' dir='ltr'>Servius</span> <span class='ocrx_word' id='word_1_39' title='bbox 221 968 253 1026; x_wconf 91' lang='lat' dir='ltr'>in</span> <span class='ocrx_word' id='word_1_40' title='bbox 264 968 374 1026; x_wconf 84' lang='lat' dir='ltr'>sextum</span> <span class='ocrx_word' id='word_1_41' title='bbox 387 964 475 1024; x_wconf 83' lang='lat' dir='ltr'>AEnei</span> <span class='ocrx_word' id='word_1_42' title='bbox 496 983 537 1024; x_wconf 89' lang='lat' dir='ltr'>os.</span> <span class='ocrx_word' id='word_1_43' title='bbox 577 965 683 1023; x_wconf 78' lang='lat' dir='ltr'>luere.</span> <span class='ocrx_word' id='word_1_44' title='bbox 1109 1037 1112 1043; x_wconf 20' lang='grc' dir='ltr'>Ι</span> 
     </span>
     <span class='ocr_line' id='line_1_9' title="bbox 136 1040 1115 1175; baseline 0.005 -72"><span class='ocrx_word' id='word_1_45' title='bbox 136 1061 182 1120; x_wconf 84' lang='lat'>32.</span> <span class='ocrx_word' id='word_1_46' title='bbox 201 1045 316 1124; x_wconf 74' lang='lat' dir='ltr'><em>Despicit</em></span> <span class='ocrx_word' id='word_1_47' title='bbox 327 1042 476 1175; x_wconf 57' lang='lat' dir='ltr'>abjeelassy</span> <span class='ocrx_word' id='word_1_48' title='bbox 500 1042 639 1111; x_wconf 84' lang='lat' dir='ltr'>Litteras,</span> <span class='ocrx_word' id='word_1_49' title='bbox 658 1042 688 1100; x_wconf 89' lang='lat' dir='ltr'>ni</span> <span class='ocrx_word' id='word_1_50' title='bbox 701 1040 800 1113; x_wconf 81' lang='lat' dir='ltr'>fallor,</span> <span class='ocrx_word' id='word_1_51' title='bbox 819 1062 879 1104; x_wconf 92' lang='lat' dir='ltr'>non</span> <span class='ocrx_word' id='word_1_52' title='bbox 891 1062 959 1123; x_wconf 91' lang='lat' dir='ltr'>quas</span> <span class='ocrx_word' id='word_1_53' title='bbox 971 1046 1048 1123; x_wconf 88' lang='lat' dir='ltr'>ipsa,</span> <span class='ocrx_word' id='word_1_54' title='bbox 1066 1046 1115 1109; x_wconf 90' lang='lat' dir='ltr'>sed</span> 
     </span>
     <span class='ocr_line' id='line_1_10' title="bbox 96 1117 812 1199; baseline -0.003 -19"><span class='ocrx_word' id='word_1_55' title='bbox 96 1137 167 1199; x_wconf 84' lang='lat' dir='ltr'>quas</span> <span class='ocrx_word' id='word_1_56' title='bbox 180 1119 240 1196; x_wconf 88' lang='lat' dir='ltr'>ejus</span> <span class='ocrx_word' id='word_1_57' title='bbox 254 1119 373 1179; x_wconf 90' lang='lat' dir='ltr'>nomine</span> <span class='ocrx_word' id='word_1_58' title='bbox 384 1117 454 1193; x_wconf 89' lang='lat' dir='ltr'>scrrp</span> <span class='ocrx_word' id='word_1_59' title='bbox 466 1129 524 1175; x_wconf 89' lang='lat' dir='ltr'>erat</span> <span class='ocrx_word' id='word_1_60' title='bbox 537 1118 668 1178; x_wconf 89' lang='lat' dir='ltr'>Ovidius.</span> <span class='ocrx_word' id='word_1_61' title='bbox 705 1117 812 1178; x_wconf 77' lang='lat' dir='ltr'>lusu.</span> 
     </span>
     <span class='ocr_line' id='line_1_11' title="bbox 133 1192 1114 1276; baseline 0.006 -23"><span class='ocrx_word' id='word_1_62' title='bbox 133 1192 216 1272; x_wconf 68' lang='lat' dir='ltr'>isid]</span> <span class='ocrx_word' id='word_1_63' title='bbox 239 1193 368 1254; x_wconf 78' lang='lat' dir='ltr'>Theseus</span> <span class='ocrx_word' id='word_1_64' title='bbox 381 1192 598 1252; x_wconf 82' lang='lat' dir='ltr'>Atheniensium</span> <span class='ocrx_word' id='word_1_65' title='bbox 612 1197 661 1252; x_wconf 84' lang='lat' dir='ltr'>teir</span> <span class='ocrx_word' id='word_1_66' title='bbox 675 1203 765 1270; x_wconf 84' lang='lat' dir='ltr'>patres</span> <span class='ocrx_word' id='word_1_67' title='bbox 777 1196 875 1256; x_wconf 84' lang='lat' dir='ltr'>habuit</span> <span class='ocrx_word' id='word_1_68' title='bbox 888 1197 986 1258; x_wconf 86' lang='lat' dir='ltr'>Deum</span> <span class='ocrx_word' id='word_1_69' title='bbox 1001 1192 1114 1276; x_wconf 82' lang='lat' dir='ltr'>Neptu-</span> 
     </span>
     <span class='ocr_line' id='line_1_12' title="bbox 98 1268 1116 1344; baseline 0.003 -13"><span class='ocrx_word' id='word_1_70' title='bbox 98 1289 187 1342; x_wconf 88' lang='lat' dir='ltr'>num,</span> <span class='ocrx_word' id='word_1_71' title='bbox 208 1273 239 1331; x_wconf 89' lang='lat'>&amp;</span> <span class='ocrx_word' id='word_1_72' title='bbox 252 1272 430 1329; x_wconf 74' lang='lat' dir='ltr'>Athenarum</span> <span class='ocrx_word' id='word_1_73' title='bbox 444 1269 555 1344; x_wconf 81' lang='lat' dir='ltr'>Regem</span> <span class='ocrx_word' id='word_1_74' title='bbox 568 1268 608 1328; x_wconf 86' lang='lat' dir='ltr'>AE</span> <span class='ocrx_word' id='word_1_75' title='bbox 627 1288 694 1328; x_wconf 90' lang='lat' dir='ltr'>eum</span> <span class='ocrx_word' id='word_1_76' title='bbox 701 1292 711 1337; x_wconf 91' lang='lat'>;</span> <span class='ocrx_word' id='word_1_77' title='bbox 731 1280 761 1328; x_wconf 89' lang='lat' dir='ltr'>at</span> <span class='ocrx_word' id='word_1_78' title='bbox 774 1283 895 1333; x_wconf 86' lang='lat' dir='ltr'>matrem</span> <span class='ocrx_word' id='word_1_79' title='bbox 908 1274 1049 1334; x_wconf 86' lang='lat' dir='ltr'>AEthram.</span> <span class='ocrx_word' id='word_1_80' title='bbox 1072 1272 1116 1335; x_wconf 91' lang='lat' dir='ltr'>llli</span> 
     </span>
     <span class='ocr_line' id='line_1_13' title="bbox 98 1345 1116 1426; baseline 0 -19"><span class='ocrx_word' id='word_1_81' title='bbox 98 1348 171 1407; x_wconf 80' lang='lat' dir='ltr'>silius</span> <span class='ocrx_word' id='word_1_82' title='bbox 182 1349 238 1407; x_wconf 89' lang='lat' dir='ltr'>suit</span> <span class='ocrx_word' id='word_1_83' title='bbox 252 1345 426 1422; x_wconf 87' lang='lat' dir='ltr'>Hippolytus</span> <span class='ocrx_word' id='word_1_84' title='bbox 439 1362 475 1403; x_wconf 89' lang='lat' dir='ltr'>ex</span> <span class='ocrx_word' id='word_1_85' title='bbox 489 1363 578 1405; x_wconf 88' lang='lat' dir='ltr'>uxore</span> <span class='ocrx_word' id='word_1_86' title='bbox 624 1346 767 1423; x_wconf 93' lang='lat' dir='ltr'>ippolyta,</span> <span class='ocrx_word' id='word_1_87' title='bbox 786 1348 862 1418; x_wconf 89' lang='lat' dir='ltr'>sive,</span> <span class='ocrx_word' id='word_1_88' title='bbox 882 1362 914 1408; x_wconf 92' lang='lat' dir='ltr'>ut</span> <span class='ocrx_word' id='word_1_89' title='bbox 927 1351 992 1409; x_wconf 87' lang='lat' dir='ltr'>alibi</span> <span class='ocrx_word' id='word_1_90' title='bbox 1003 1352 1116 1426; x_wconf 90' lang='lat' dir='ltr'>legitur,</span> 
     </span>
     <span class='ocr_line' id='line_1_14' title="bbox 98 1420 1116 1556; baseline 0.003 -74"><span class='ocrx_word' id='word_1_91' title='bbox 98 1423 236 1500; x_wconf 81' lang='lat' dir='ltr'>Antiopa.</span> <span class='ocrx_word' id='word_1_92' title='bbox 274 1422 341 1556; x_wconf 49' lang='lat' dir='ltr'>{gui</span> <span class='ocrx_word' id='word_1_93' title='bbox 355 1420 484 1489; x_wconf 80' lang='lat' dir='ltr'>mortui,</span> <span class='ocrx_word' id='word_1_94' title='bbox 501 1421 649 1482; x_wconf 87' lang='lat' dir='ltr'>Phaedram</span> <span class='ocrx_word' id='word_1_95' title='bbox 656 1422 764 1482; x_wconf 90' lang='lat' dir='ltr'>Minois</span> <span class='ocrx_word' id='word_1_96' title='bbox 773 1425 858 1500; x_wconf 87' lang='lat' dir='ltr'>Regis</span> <span class='ocrx_word' id='word_1_97' title='bbox 866 1427 961 1485; x_wconf 86' lang='lat' dir='ltr'>Cretae</span> <span class='ocrx_word' id='word_1_98' title='bbox 973 1427 1070 1485; x_wconf 88' lang='lat' dir='ltr'>insulae</span> <span class='ocrx_word' id='word_1_99' title='bbox 1083 1425 1116 1484; x_wconf 93' lang='lat' dir='ltr'>fr·</span> 
     </span>
     <span class='ocr_line' id='line_1_15' title="bbox 98 1496 1118 1580; baseline 0 -20"><span class='ocrx_word' id='word_1_100' title='bbox 98 1500 167 1560; x_wconf 89' lang='lat' dir='ltr'>liam</span> <span class='ocrx_word' id='word_1_101' title='bbox 181 1500 260 1560; x_wconf 85' lang='lat' dir='ltr'>duxit</span> <span class='ocrx_word' id='word_1_102' title='bbox 304 1496 410 1557; x_wconf 88' lang='lat' dir='ltr'>heseus.</span> <span class='ocrx_word' id='word_1_103' title='bbox 449 1496 524 1558; x_wconf 89' lang='lat' dir='ltr'>Haec</span> <span class='ocrx_word' id='word_1_104' title='bbox 537 1498 699 1574; x_wconf 87' lang='lat' dir='ltr'>privignum</span> <span class='ocrx_word' id='word_1_105' title='bbox 711 1497 793 1557; x_wconf 90' lang='lat' dir='ltr'>suum</span> <span class='ocrx_word' id='word_1_106' title='bbox 807 1502 917 1576; x_wconf 75' lang='lat' dir='ltr'>egregii</span> <span class='ocrx_word' id='word_1_107' title='bbox 930 1503 1023 1562; x_wconf 79' lang='lat' dir='ltr'>sormi</span> <span class='ocrx_word' id='word_1_108' title='bbox 1033 1503 1118 1580; x_wconf 83' lang='lat' dir='ltr'>juve·</span> 
     </span>
     <span class='ocr_line' id='line_1_16' title="bbox 98 1571 1081 1652; baseline 0.002 -17"><span class='ocrx_word' id='word_1_109' title='bbox 98 1592 186 1646; x_wconf 91' lang='lat' dir='ltr'>nem,</span> <span class='ocrx_word' id='word_1_110' title='bbox 200 1592 299 1635; x_wconf 88' lang='lat' dir='ltr'>amore</span> <span class='ocrx_word' id='word_1_111' title='bbox 306 1585 386 1650; x_wconf 88' lang='lat' dir='ltr'>capta</span> <span class='ocrx_word' id='word_1_112' title='bbox 397 1614 405 1640; x_wconf 93' lang='lat'>,</span> <span class='ocrx_word' id='word_1_113' title='bbox 418 1574 641 1634; x_wconf 82' lang='lat' dir='ltr'>maritoabsente</span> <span class='ocrx_word' id='word_1_114' title='bbox 650 1615 658 1640; x_wconf 93' lang='lat'>,</span> <span class='ocrx_word' id='word_1_115' title='bbox 666 1571 704 1630; x_wconf 83' lang='lat' dir='ltr'>de¹</span> <span class='ocrx_word' id='word_1_116' title='bbox 714 1573 808 1650; x_wconf 84' lang='lat' dir='ltr'>stupro</span> <span class='ocrx_word' id='word_1_117' title='bbox 820 1577 1017 1652; x_wconf 88' lang='lat' dir='ltr'>interpellavit.</span> <span class='ocrx_word' id='word_1_118' title='bbox 1042 1579 1081 1636; x_wconf 89' lang='lat' dir='ltr'>Hi</span> 
     </span>
     <span class='ocr_line' id='line_1_17' title="bbox 139 1648 1117 1729; baseline 0 -18"><span class='ocrx_word' id='word_1_119' title='bbox 139 1652 232 1729; x_wconf 90' lang='lat' dir='ltr'>lytus,</span> <span class='ocrx_word' id='word_1_120' title='bbox 251 1652 300 1727; x_wconf 88' lang='lat' dir='ltr'>qui</span> <span class='ocrx_word' id='word_1_121' title='bbox 314 1649 478 1708; x_wconf 78' lang='lat' dir='ltr'>curetarum</span> <span class='ocrx_word' id='word_1_122' title='bbox 497 1649 604 1725; x_wconf 88' lang='lat' dir='ltr'>alioqui</span> <span class='ocrx_word' id='word_1_123' title='bbox 623 1648 775 1708; x_wconf 86' lang='lat' dir='ltr'>mulierum</span> <span class='ocrx_word' id='word_1_124' title='bbox 789 1653 996 1711; x_wconf 88' lang='lat' dir='ltr'>commercium</span> <span class='ocrx_word' id='word_1_125' title='bbox 1010 1671 1063 1712; x_wconf 83' lang='lat' dir='ltr'>are</span> <span class='ocrx_word' id='word_1_126' title='bbox 1087 1672 1117 1711; x_wconf 80' lang='lat' dir='ltr'>u-</span> 
     </span>
     <span class='ocr_line' id='line_1_18' title="bbox 99 1669 1118 1804; baseline 0.001 -17"><span class='ocrx_word' id='word_1_127' title='bbox 99 1669 207 1798; x_wconf 55' lang='lat' dir='ltr'>ffitun</span> <span class='ocrx_word' id='word_1_128' title='bbox 232 1739 344 1786; x_wconf 89' lang='lat' dir='ltr'>tantum</span> <span class='ocrx_word' id='word_1_129' title='bbox 362 1725 449 1785; x_wconf 87' lang='lat' dir='ltr'>scelus</span> <span class='ocrx_word' id='word_1_130' title='bbox 469 1725 621 1784; x_wconf 85' lang='lat' dir='ltr'>exhorruit.</span> <span class='ocrx_word' id='word_1_131' title='bbox 659 1727 758 1799; x_wconf 90' lang='lat' dir='ltr'>Quem</span> <span class='ocrx_word' id='word_1_132' title='bbox 777 1739 975 1804; x_wconf 89' lang='lat' dir='ltr'>contemptum</span> <span class='ocrx_word' id='word_1_133' title='bbox 1000 1728 1118 1788; x_wconf 85' lang='lat' dir='ltr'>Phaedra</span> 
     </span>
     <span class='ocr_line' id='line_1_19' title="bbox 101 1800 1120 1887; baseline -0.001 -24"><span class='ocrx_word' id='word_1_134' title='bbox 101 1806 143 1863; x_wconf 89' lang='lat' dir='ltr'>im</span> <span class='ocrx_word' id='word_1_135' title='bbox 165 1802 295 1887; x_wconf 62' lang='lat' dir='ltr'>arigitius</span> <span class='ocrx_word' id='word_1_136' title='bbox 308 1804 421 1871; x_wconf 88' lang='lat' dir='ltr'>ferens,</span> <span class='ocrx_word' id='word_1_137' title='bbox 438 1801 543 1860; x_wconf 87' lang='lat' dir='ltr'>litteras</span> <span class='ocrx_word' id='word_1_138' title='bbox 556 1800 592 1859; x_wconf 84' lang='lat' dir='ltr'>ad</span> <span class='ocrx_word' id='word_1_139' title='bbox 606 1800 752 1860; x_wconf 86' lang='lat' dir='ltr'>Theseum</span> <span class='ocrx_word' id='word_1_140' title='bbox 766 1800 864 1872; x_wconf 91' lang='lat' dir='ltr'>dedit,</span> <span class='ocrx_word' id='word_1_141' title='bbox 883 1805 984 1880; x_wconf 91' lang='lat' dir='ltr'>quibus</span> <span class='ocrx_word' id='word_1_142' title='bbox 997 1802 1032 1862; x_wconf 85' lang='lat' dir='ltr'>ab</span> <span class='ocrx_word' id='word_1_143' title='bbox 1045 1805 1120 1880; x_wconf 89' lang='lat' dir='ltr'>Hip·</span> 
     </span>
     <span class='ocr_line' id='line_1_20' title="bbox 101 1823 1121 1959; baseline -0.001 -19"><span class='ocrx_word' id='word_1_144' title='bbox 101 1823 205 1959; x_wconf 69' lang='lat' dir='ltr'>podyro</span> <span class='ocrx_word' id='word_1_145' title='bbox 218 1881 246 1940; x_wconf 92' lang='lat' dir='ltr'>se</span> <span class='ocrx_word' id='word_1_146' title='bbox 260 1895 309 1956; x_wconf 90' lang='lat' dir='ltr'>pet</span> <span class='ocrx_word' id='word_1_147' title='bbox 323 1879 382 1936; x_wconf 85' lang='lat' dir='ltr'>vim</span> <span class='ocrx_word' id='word_1_148' title='bbox 397 1879 545 1954; x_wconf 86' lang='lat' dir='ltr'>stupratam</span> <span class='ocrx_word' id='word_1_149' title='bbox 560 1878 748 1940; x_wconf 86' lang='lat' dir='ltr'>mentiebatur</span> <span class='ocrx_word' id='word_1_150' title='bbox 763 1896 771 1936; x_wconf 75' lang='lat' dir='ltr'>a</span> <span class='ocrx_word' id='word_1_151' title='bbox 793 1880 823 1938; x_wconf 88' lang='lat'>&amp;</span> <span class='ocrx_word' id='word_1_152' title='bbox 835 1879 982 1956; x_wconf 90' lang='lat' dir='ltr'>suspendio</span> <span class='ocrx_word' id='word_1_153' title='bbox 994 1879 1024 1938; x_wconf 90' lang='lat' dir='ltr'>se</span> <span class='ocrx_word' id='word_1_154' title='bbox 1036 1897 1121 1939; x_wconf 87' lang='lat' dir='ltr'>neca·</span> 
     </span>
     <span class='ocr_line' id='line_1_21' title="bbox 101 1952 1118 2032; baseline -0.001 -16"><span class='ocrx_word' id='word_1_155' title='bbox 101 1958 153 2016; x_wconf 88' lang='lat' dir='ltr'>vit.</span> <span class='ocrx_word' id='word_1_156' title='bbox 176 1955 303 2016; x_wconf 85' lang='lat' dir='ltr'>Theseus</span> <span class='ocrx_word' id='word_1_157' title='bbox 316 1955 414 2013; x_wconf 90' lang='lat' dir='ltr'>litteris</span> <span class='ocrx_word' id='word_1_158' title='bbox 428 1954 554 2031; x_wconf 70' lang='lat' dir='ltr'>conjugis</span> <span class='ocrx_word' id='word_1_159' title='bbox 568 1952 699 2012; x_wconf 90' lang='lat' dir='ltr'>credidit:</span> <span class='ocrx_word' id='word_1_160' title='bbox 716 1957 847 2032; x_wconf 90' lang='lat' dir='ltr'>&amp;quum</span> <span class='ocrx_word' id='word_1_161' title='bbox 860 1974 921 2015; x_wconf 91' lang='lat' dir='ltr'>non</span> <span class='ocrx_word' id='word_1_162' title='bbox 935 1955 1015 2015; x_wconf 78' lang='lat' dir='ltr'>sacili:</span> <span class='ocrx_word' id='word_1_163' title='bbox 1028 1953 1118 2032; x_wconf 76' lang='lat' dir='ltr'>posset</span> 
     </span>
     <span class='ocr_line' id='line_1_22' title="bbox 100 2030 1119 2110; baseline -0.001 -17"><span class='ocrx_word' id='word_1_164' title='bbox 100 2032 159 2110; x_wconf 89' lang='lat' dir='ltr'>ipse</span> <span class='ocrx_word' id='word_1_165' title='bbox 173 2032 210 2092; x_wconf 93' lang='lat' dir='ltr'>de</span> <span class='ocrx_word' id='word_1_166' title='bbox 224 2031 283 2090; x_wconf 89' lang='lat' dir='ltr'>filio</span> <span class='ocrx_word' id='word_1_167' title='bbox 297 2047 393 2107; x_wconf 87' lang='lat' dir='ltr'>poenas</span> <span class='ocrx_word' id='word_1_168' title='bbox 405 2030 530 2098; x_wconf 90' lang='lat' dir='ltr'>sumere,</span> <span class='ocrx_word' id='word_1_169' title='bbox 550 2041 658 2106; x_wconf 86' lang='lat' dir='ltr'>patrem</span> <span class='ocrx_word' id='word_1_170' title='bbox 672 2030 840 2106; x_wconf 90' lang='lat' dir='ltr'>Neptunum</span> <span class='ocrx_word' id='word_1_171' title='bbox 854 2034 983 2107; x_wconf 75' lang='lat' dir='ltr'>rogavit,</span> <span class='ocrx_word' id='word_1_172' title='bbox 999 2045 1032 2091; x_wconf 93' lang='lat' dir='ltr'>ut</span> <span class='ocrx_word' id='word_1_173' title='bbox 1044 2033 1119 2109; x_wconf 86' lang='lat' dir='ltr'>Hip-</span> 
     </span>
     <span class='ocr_line' id='line_1_23' title="bbox 88 2104 1120 2186; baseline 0.001 -18"><span class='ocrx_word' id='word_1_174' title='bbox 88 2110 237 2186; x_wconf 87' lang='lat' dir='ltr'>polytum</span> <span class='ocrx_word' id='word_1_175' title='bbox 243 2109 363 2184; x_wconf 87' lang='lat' dir='ltr'>puniret.</span> <span class='ocrx_word' id='word_1_176' title='bbox 390 2108 540 2182; x_wconf 80' lang='lat' dir='ltr'>Neptunus</span> <span class='ocrx_word' id='word_1_177' title='bbox 551 2107 648 2184; x_wconf 86' lang='lat' dir='ltr'>itaque</span> <span class='ocrx_word' id='word_1_178' title='bbox 662 2104 678 2164; x_wconf 80' lang='lat' dir='ltr'>d</span> <span class='ocrx_word' id='word_1_179' title='bbox 693 2108 762 2166; x_wconf 89' lang='lat' dir='ltr'>mari</span> <span class='ocrx_word' id='word_1_180' title='bbox 775 2109 915 2185; x_wconf 81' lang='lat' dir='ltr'>phocam,</span> <span class='ocrx_word' id='word_1_181' title='bbox 929 2109 1051 2168; x_wconf 89' lang='lat' dir='ltr'>vitulum</span> <span class='ocrx_word' id='word_1_182' title='bbox 1058 2126 1120 2169; x_wconf 90' lang='lat' dir='ltr'>ma-</span> 
     </span>
     <span class='ocr_line' id='line_1_24' title="bbox 103 2181 1121 2262; baseline 0 -18"><span class='ocrx_word' id='word_1_183' title='bbox 103 2187 217 2253; x_wconf 91' lang='lat' dir='ltr'>rinum,</span> <span class='ocrx_word' id='word_1_184' title='bbox 231 2186 387 2242; x_wconf 88' lang='lat' dir='ltr'>immanem</span> <span class='ocrx_word' id='word_1_185' title='bbox 396 2181 486 2241; x_wconf 87' lang='lat' dir='ltr'>emistt</span> <span class='ocrx_word' id='word_1_186' title='bbox 493 2205 503 2250; x_wconf 88' lang='lat'>;</span> <span class='ocrx_word' id='word_1_187' title='bbox 518 2181 596 2256; x_wconf 91' lang='lat' dir='ltr'>cujus</span> <span class='ocrx_word' id='word_1_188' title='bbox 609 2181 701 2241; x_wconf 80' lang='lat' dir='ltr'>sormi</span> <span class='ocrx_word' id='word_1_189' title='bbox 714 2184 881 2245; x_wconf 89' lang='lat' dir='ltr'>&amp;horribili</span> <span class='ocrx_word' id='word_1_190' title='bbox 893 2187 1021 2260; x_wconf 84' lang='lat' dir='ltr'>mugitu,</span> <span class='ocrx_word' id='word_1_191' title='bbox 1037 2187 1121 2262; x_wconf 74' lang='lat' dir='ltr'>equi,</span> 
     </span>
     <span class='ocr_line' id='line_1_25' title="bbox 124 2257 1120 2337; baseline 0 -16"><span class='ocrx_word' id='word_1_192' title='bbox 124 2262 206 2321; x_wconf 84' lang='lat' dir='ltr'>uibus</span> <span class='ocrx_word' id='word_1_193' title='bbox 226 2260 331 2336; x_wconf 74' lang='lat' dir='ltr'>junsiis</span> <span class='ocrx_word' id='word_1_194' title='bbox 349 2259 523 2337; x_wconf 85' lang='lat' dir='ltr'>Hippolytus</span> <span class='ocrx_word' id='word_1_195' title='bbox 542 2257 792 2321; x_wconf 77' lang='lat' dir='ltr'>seeundumtnare</span> <span class='ocrx_word' id='word_1_196' title='bbox 810 2262 988 2330; x_wconf 83' lang='lat' dir='ltr'>vehebatur,</span> <span class='ocrx_word' id='word_1_197' title='bbox 1013 2262 1120 2330; x_wconf 88' lang='lat' dir='ltr'>territl,</span> 
     </span>
     <span class='ocr_line' id='line_1_26' title="bbox 103 2278 1121 2424; baseline -0.001 -26"><span class='ocrx_word' id='word_1_198' title='bbox 103 2278 258 2398; x_wconf 77' lang='lat' dir='ltr'>dominum</span> <span class='ocrx_word' id='word_1_199' title='bbox 272 2336 353 2394; x_wconf 93' lang='lat' dir='ltr'>suum</span> <span class='ocrx_word' id='word_1_200' title='bbox 368 2334 557 2395; x_wconf 87' lang='lat' dir='ltr'>distraxerunt.</span> <span class='ocrx_word' id='word_1_201' title='bbox 594 2335 687 2392; x_wconf 85' lang='lat' dir='ltr'>Diana</span> <span class='ocrx_word' id='word_1_202' title='bbox 705 2348 801 2396; x_wconf 91' lang='lat' dir='ltr'>autern</span> <span class='ocrx_word' id='word_1_203' title='bbox 820 2354 910 2424; x_wconf 87' lang='lat' dir='ltr'>quum</span> <span class='ocrx_word' id='word_1_204' title='bbox 929 2337 1037 2412; x_wconf 90' lang='lat' dir='ltr'>Hippoi</span> <span class='ocrx_word' id='word_1_205' title='bbox 1058 2349 1121 2397; x_wconf 86' lang='lat' dir='ltr'>tum</span> 
     </span>
     <span class='ocr_line' id='line_1_27' title="bbox 105 2410 1122 2549; baseline -0.001 -77"><span class='ocrx_word' id='word_1_206' title='bbox 105 2432 139 2549; x_wconf 71' lang='lat' dir='ltr'>pt</span> <span class='ocrx_word' id='word_1_207' title='bbox 180 2413 381 2499; x_wconf 74' lang='lat' dir='ltr'>tercastitatem</span> <span class='ocrx_word' id='word_1_208' title='bbox 394 2412 478 2471; x_wconf 77' lang='lat' dir='ltr'>unice</span> <span class='ocrx_word' id='word_1_209' title='bbox 491 2429 587 2498; x_wconf 81' lang='lat' dir='ltr'>carum</span> <span class='ocrx_word' id='word_1_210' title='bbox 600 2410 715 2468; x_wconf 87' lang='lat' dir='ltr'>haberet</span> <span class='ocrx_word' id='word_1_211' title='bbox 724 2430 815 2500; x_wconf 69' lang='lat' dir='ltr'>,eum</span> <span class='ocrx_word' id='word_1_212' title='bbox 828 2413 954 2471; x_wconf 84' lang='lat' dir='ltr'>rovitam</span> <span class='ocrx_word' id='word_1_213' title='bbox 967 2430 1017 2499; x_wconf 82' lang='lat' dir='ltr'>per</span> <span class='ocrx_word' id='word_1_214' title='bbox 1037 2412 1122 2498; x_wconf 23' lang='lat' dir='ltr'>‘&#39;scu-</span> 
     </span>
     <span class='ocr_line' id='line_1_28' title="bbox 105 2487 1123 2652; baseline -0.001 -28"><span class='ocrx_word' id='word_1_215' title='bbox 105 2487 1123 2652; x_wconf 50' lang='lat' dir='ltr'>diphllyiiiidlildissidiis?llcsllllieniliihil?</span> 
     </span>
     <span class='ocr_line' id='line_1_29' title="bbox 105 2639 1128 2718; baseline -0.002 -17"><span class='ocrx_word' id='word_1_216' title='bbox 105 2652 167 2701; x_wconf 89' lang='lat' dir='ltr'>tem</span> <span class='ocrx_word' id='word_1_217' title='bbox 180 2642 245 2700; x_wconf 87' lang='lat' dir='ltr'>haec</span> <span class='ocrx_word' id='word_1_218' title='bbox 258 2639 351 2698; x_wconf 89' lang='lat' dir='ltr'>sabula</span> <span class='ocrx_word' id='word_1_219' title='bbox 365 2639 400 2699; x_wconf 91' lang='lat' dir='ltr'>de</span> <span class='ocrx_word' id='word_1_220' title='bbox 414 2640 577 2716; x_wconf 89' lang='lat' dir='ltr'>Hrppolyto</span> <span class='ocrx_word' id='word_1_221' title='bbox 590 2639 637 2698; x_wconf 87' lang='lat' dir='ltr'>lrb.</span> <span class='ocrx_word' id='word_1_222' title='bbox 646 2658 693 2699; x_wconf 83' lang='lat' dir='ltr'>xv.</span> <span class='ocrx_word' id='word_1_223' title='bbox 702 2639 1022 2718; x_wconf 89' lang='lat' dir='ltr'>MetamorphosOvrd.</span> <span class='ocrx_word' id='word_1_224' title='bbox 1041 2641 1128 2700; x_wconf 90' lang='lat' dir='ltr'>Eurr-·</span> 
     </span>
     <span class='ocr_line' id='line_1_30' title="bbox 105 2715 1123 2852; baseline 0.002 -78"><span class='ocrx_word' id='word_1_225' title='bbox 105 2717 183 2852; x_wconf 51' lang='lat' dir='ltr'>pyldl,</span> <span class='ocrx_word' id='word_1_226' title='bbox 203 2717 376 2851; x_wconf 70' lang='lat' dir='ltr'>Slenecaeque</span> <span class='ocrx_word' id='word_1_227' title='bbox 388 2718 417 2775; x_wconf 90' lang='lat' dir='ltr'>in</span> <span class='ocrx_word' id='word_1_228' title='bbox 432 2715 585 2792; x_wconf 84' lang='lat' dir='ltr'>Tragoedia</span> <span class='ocrx_word' id='word_1_229' title='bbox 597 2715 779 2794; x_wconf 87' lang='lat' dir='ltr'>Hippolyto,</span> <span class='ocrx_word' id='word_1_230' title='bbox 799 2718 936 2794; x_wconf 80' lang='lat' dir='ltr'>Hygino,</span> <span class='ocrx_word' id='word_1_231' title='bbox 958 2716 1074 2787; x_wconf 86' lang='lat' dir='ltr'>Servio,</span> <span class='ocrx_word' id='word_1_232' title='bbox 1094 2718 1123 2775; x_wconf 92' lang='lat'>&amp;</span> 
     </span>
     <span class='ocr_line' id='line_1_31' title="bbox 107 2809 323 2852; baseline -0.009 -1"><span class='ocrx_word' id='word_1_233' title='bbox 107 2809 177 2852; x_wconf 86' lang='lat' dir='ltr'>ars.</span> <span class='ocrx_word' id='word_1_234' title='bbox 239 2811 323 2850; x_wconf 79' lang='lat' dir='ltr'>nnn.</span> 
     </span>
     <span class='ocr_line' id='line_1_32' title="bbox 100 2867 1108 2948; baseline -0.004 -20"><span class='ocrx_word' id='word_1_235' title='bbox 100 2874 104 2884; x_wconf 91' lang='lat'><em>&#39;</em></span> <span class='ocrx_word' id='word_1_236' title='bbox 142 2868 215 2928; x_wconf 85' lang='lat' dir='ltr'>ibid.</span> <span class='ocrx_word' id='word_1_237' title='bbox 235 2868 404 2947; x_wconf 70' lang='lat' dir='ltr'>Desperasse]</span> <span class='ocrx_word' id='word_1_238' title='bbox 424 2867 513 2928; x_wconf 86' lang='lat' dir='ltr'>Potiti</span> <span class='ocrx_word' id='word_1_239' title='bbox 526 2885 624 2928; x_wconf 83' lang='lat' dir='ltr'>amore</span> <span class='ocrx_word' id='word_1_240' title='bbox 639 2869 791 2948; x_wconf 88' lang='lat' dir='ltr'>Hippolyti</span> <span class='ocrx_word' id='word_1_241' title='bbox 803 2869 923 2944; x_wconf 81' lang='lat' dir='ltr'>privigni</span> <span class='ocrx_word' id='word_1_242' title='bbox 933 2868 983 2928; x_wconf 89' lang='lat' dir='ltr'>sui.</span> <span class='ocrx_word' id='word_1_243' title='bbox 1002 2867 1108 2927; x_wconf 76' lang='lat' dir='ltr'>luere.</span> 
     </span>
     <span class='ocr_line' id='line_1_33' title="bbox 115 2944 1098 3023; baseline 0.002 -21"><span class='ocrx_word' id='word_1_244' title='bbox 115 2980 117 2989; x_wconf 82' lang='lat'><em>=</em></span> <span class='ocrx_word' id='word_1_245' title='bbox 146 2960 196 3021; x_wconf 84' lang='lat'>33.</span> <span class='ocrx_word' id='word_1_246' title='bbox 215 2947 274 3003; x_wconf 79' lang='lat' dir='ltr'>Hac</span> <span class='ocrx_word' id='word_1_247' title='bbox 286 2949 402 3023; x_wconf 72' lang='lat' dir='ltr'>sequetem</span> <span class='ocrx_word' id='word_1_248' title='bbox 413 2949 510 3022; x_wconf 64' lang='lat' dir='ltr'>gerit]</span> <span class='ocrx_word' id='word_1_249' title='bbox 529 2944 661 3004; x_wconf 82' lang='lat' dir='ltr'>Phaedra:</span> <span class='ocrx_word' id='word_1_250' title='bbox 1092 2977 1098 3011; x_wconf 75' lang='grc' dir='ltr'>ς</span> 
     </span>
    </p>
   </div>
   <div class='ocr_carea' id='block_1_5' title="bbox 237 3094 962 3176">
    <p class='ocr_par' dir='ltr' id='par_1_5' title="bbox 237 3094 962 3176">
     <span class='ocr_line' id='line_1_34' title="bbox 237 3094 962 3176; baseline 0.006 -20"><span class='ocrx_word' id='word_1_251' title='bbox 237 3098 348 3156; x_wconf 67' lang='lat' dir='ltr'>tharra</span> <span class='ocrx_word' id='word_1_252' title='bbox 363 3101 395 3161; x_wconf 72' lang='lat' dir='ltr'>do·</span> <span class='ocrx_word' id='word_1_253' title='bbox 407 3098 479 3176; x_wconf 79' lang='lat' dir='ltr'>Elisa</span> <span class='ocrx_word' id='word_1_254' title='bbox 492 3100 542 3156; x_wconf 82' lang='lat' dir='ltr'>ribi</span> <span class='ocrx_word' id='word_1_255' title='bbox 552 3103 612 3155; x_wconf 83' lang='lat' dir='ltr'>dent</span> <span class='ocrx_word' id='word_1_256' title='bbox 625 3098 758 3174; x_wconf 80' lang='lat' dir='ltr'>laqueum,</span> <span class='ocrx_word' id='word_1_257' title='bbox 778 3114 826 3158; x_wconf 79' lang='lat' dir='ltr'>aar</span> <span class='ocrx_word' id='word_1_258' title='bbox 832 3094 962 3176; x_wconf 72' lang='lat' dir='ltr'>gladiums</span> 
     </span>
    </p>
   </div>
   <div class='ocr_carea' id='block_1_6' title="bbox 107 3247 1127 3634">
    <p class='ocr_par' dir='ltr' id='par_1_6' title="bbox 107 3247 1127 3634">
     <span class='ocr_line' id='line_1_35' title="bbox 109 3247 1127 3329; baseline 0.002 -20"><span class='ocrx_word' id='word_1_259' title='bbox 109 3247 228 3309; x_wconf 75' lang='lat' dir='ltr'>Phaedra</span> <span class='ocrx_word' id='word_1_260' title='bbox 248 3249 352 3308; x_wconf 87' lang='lat' dir='ltr'>amoris</span> <span class='ocrx_word' id='word_1_261' title='bbox 370 3249 546 3326; x_wconf 83' lang='lat' dir='ltr'>impatientia</span> <span class='ocrx_word' id='word_1_262' title='bbox 558 3249 586 3309; x_wconf 93' lang='lat' dir='ltr'>se</span> <span class='ocrx_word' id='word_1_263' title='bbox 598 3249 753 3326; x_wconf 86' lang='lat' dir='ltr'>suspendit,</span> <span class='ocrx_word' id='word_1_264' title='bbox 772 3264 805 3312; x_wconf 89' lang='lat' dir='ltr'>ut</span> <span class='ocrx_word' id='word_1_265' title='bbox 813 3251 873 3329; x_wconf 82' lang='lat' dir='ltr'>jam</span> <span class='ocrx_word' id='word_1_266' title='bbox 886 3252 1018 3313; x_wconf 86' lang='lat' dir='ltr'>diximus.</span> <span class='ocrx_word' id='word_1_267' title='bbox 1055 3251 1127 3311; x_wconf 83' lang='lat' dir='ltr'>Elisa</span> 
     </span>
     <span class='ocr_line' id='line_1_36' title="bbox 107 3324 1126 3407; baseline 0.002 -21"><span class='ocrx_word' id='word_1_268' title='bbox 107 3325 188 3386; x_wconf 92' lang='lat' dir='ltr'>Dido</span> <span class='ocrx_word' id='word_1_269' title='bbox 207 3324 301 3401; x_wconf 91' lang='lat' dir='ltr'>gladio</span> <span class='ocrx_word' id='word_1_270' title='bbox 323 3326 460 3385; x_wconf 86' lang='lat' dir='ltr'>incubuit.</span> <span class='ocrx_word' id='word_1_271' title='bbox 499 3327 546 3385; x_wconf 90' lang='lat' dir='ltr'>De</span> <span class='ocrx_word' id='word_1_272' title='bbox 566 3327 622 3403; x_wconf 79' lang='lat' dir='ltr'>qui</span> <span class='ocrx_word' id='word_1_273' title='bbox 640 3338 742 3403; x_wconf 88' lang='lat' dir='ltr'>praeter</span> <span class='ocrx_word' id='word_1_274' title='bbox 760 3326 881 3390; x_wconf 87' lang='lat' dir='ltr'>Ausonii</span> <span class='ocrx_word' id='word_1_275' title='bbox 900 3330 1070 3407; x_wconf 84' lang='lat' dir='ltr'>Epigt.cx1.</span> <span class='ocrx_word' id='word_1_276' title='bbox 1093 3331 1126 3388; x_wconf 69' lang='grc' dir='ltr'>δε</span> 
     </span>
     <span class='ocr_line' id='line_1_37' title="bbox 108 3398 1062 3478; baseline 0.004 -17"><span class='ocrx_word' id='word_1_277' title='bbox 108 3398 251 3461; x_wconf 58' lang='lat' dir='ltr'>&amp;lienum</span> <span class='ocrx_word' id='word_1_278' title='bbox 266 3401 397 3460; x_wconf 86' lang='lat' dir='ltr'>Antholo</span> <span class='ocrx_word' id='word_1_279' title='bbox 418 3403 566 3463; x_wconf 87' lang='lat' dir='ltr'>&#39;aelib.1v.</span> <span class='ocrx_word' id='word_1_280' title='bbox 593 3403 726 3478; x_wconf 87' lang='lat' dir='ltr'>Virgilius</span> <span class='ocrx_word' id='word_1_281' title='bbox 740 3404 771 3463; x_wconf 90' lang='lat' dir='ltr'>in</span> <span class='ocrx_word' id='word_1_282' title='bbox 781 3403 915 3465; x_wconf 85' lang='lat' dir='ltr'>AEneide.</span> <span class='ocrx_word' id='word_1_283' title='bbox 954 3405 1062 3465; x_wconf 72' lang='lat' dir='ltr'>lusu.</span> 
     </span>
     <span class='ocr_line' id='line_1_38' title="bbox 148 3418 1126 3564; baseline 0.003 -28"><span class='ocrx_word' id='word_1_284' title='bbox 148 3476 220 3537; x_wconf 89' lang='lat' dir='ltr'>lbid.</span> <span class='ocrx_word' id='word_1_285' title='bbox 248 3480 304 3564; x_wconf 77' lang='lat' dir='ltr'>ilaec</span> <span class='ocrx_word' id='word_1_286' title='bbox 316 3418 426 3556; x_wconf 54' lang='lat' dir='ltr'>rranaeffl</span> <span class='ocrx_word' id='word_1_287' title='bbox 439 3478 564 3539; x_wconf 87' lang='lat' dir='ltr'>Ariadne</span> <span class='ocrx_word' id='word_1_288' title='bbox 579 3521 588 3548; x_wconf 93' lang='lat'>,</span> <span class='ocrx_word' id='word_1_289' title='bbox 606 3497 693 3557; x_wconf 88' lang='lat' dir='ltr'>quam</span> <span class='ocrx_word' id='word_1_290' title='bbox 714 3480 732 3538; x_wconf 79' lang='lat' dir='ltr'>i</span> <span class='ocrx_word' id='word_1_291' title='bbox 747 3479 862 3551; x_wconf 87' lang='lat' dir='ltr'>Theseo</span> <span class='ocrx_word' id='word_1_292' title='bbox 881 3482 912 3541; x_wconf 88' lang='lat' dir='ltr'>in</span> <span class='ocrx_word' id='word_1_293' title='bbox 925 3481 981 3541; x_wconf 81' lang='lat' dir='ltr'>Dia</span> <span class='ocrx_word' id='word_1_294' title='bbox 1001 3481 1126 3545; x_wconf 70' lang='lat' dir='ltr'>relidam</span> 
     </span>
     <span class='ocr_line' id='line_1_39' title="bbox 111 3551 1127 3634; baseline 0.005 -23"><span class='ocrx_word' id='word_1_295' title='bbox 111 3551 199 3612; x_wconf 89' lang='lat' dir='ltr'>Libet</span> <span class='ocrx_word' id='word_1_296' title='bbox 211 3553 291 3613; x_wconf 81' lang='lat' dir='ltr'>duxit</span> <span class='ocrx_word' id='word_1_297' title='bbox 304 3572 441 3614; x_wconf 81' lang='lat' dir='ltr'>uxorem:</span> <span class='ocrx_word' id='word_1_298' title='bbox 461 3557 488 3614; x_wconf 88' lang='lat' dir='ltr'>ei</span> <span class='ocrx_word' id='word_1_299' title='bbox 509 3573 545 3615; x_wconf 86' lang='lat' dir='ltr'>ue</span> <span class='ocrx_word' id='word_1_300' title='bbox 557 3556 630 3616; x_wconf 85' lang='lat' dir='ltr'>hanc</span> <span class='ocrx_word' id='word_1_301' title='bbox 644 3555 723 3616; x_wconf 87' lang='lat' dir='ltr'>dedit</span> <span class='ocrx_word' id='word_1_302' title='bbox 737 3571 892 3626; x_wconf 89' lang='lat' dir='ltr'>coronam,</span> <span class='ocrx_word' id='word_1_303' title='bbox 911 3557 1127 3634; x_wconf 82' lang='lat' dir='ltr'>quaeposteain·</span> 
     </span>
    </p>
   </div>
   <div class='ocr_carea' id='block_1_7' title="bbox 87 3628 1131 3780">
    <p class='ocr_par' dir='ltr' id='par_1_7' title="bbox 87 3628 1131 3780">
     <span class='ocr_line' id='line_1_40' title="bbox 113 3628 1131 3710; baseline 0.009 -26"><span class='ocrx_word' id='word_1_304' title='bbox 113 3638 155 3686; x_wconf 89' lang='lat' dir='ltr'>tet</span> <span class='ocrx_word' id='word_1_305' title='bbox 174 3628 262 3689; x_wconf 83' lang='lat' dir='ltr'>fideta</span> <span class='ocrx_word' id='word_1_306' title='bbox 277 3630 414 3690; x_wconf 88' lang='lat' dir='ltr'>collocata</span> <span class='ocrx_word' id='word_1_307' title='bbox 428 3630 474 3691; x_wconf 89' lang='lat' dir='ltr'>est.</span> <span class='ocrx_word' id='word_1_308' title='bbox 497 3674 500 3679; x_wconf 82' lang='lat'>-</span> <span class='ocrx_word' id='word_1_309' title='bbox 531 3634 632 3710; x_wconf 88' lang='lat' dir='ltr'>yginus</span> <span class='ocrx_word' id='word_1_310' title='bbox 645 3632 770 3696; x_wconf 85' lang='lat' dir='ltr'>secundo</span> <span class='ocrx_word' id='word_1_311' title='bbox 782 3632 1005 3698; x_wconf 77' lang='lat' dir='ltr'>Astronomrcer</span> <span class='ocrx_word' id='word_1_312' title='bbox 1019 3633 1055 3699; x_wconf 78' lang='lat' dir='ltr'>de</span> <span class='ocrx_word' id='word_1_313' title='bbox 1068 3632 1131 3709; x_wconf 62' lang='lat'>0⁰2</span> 
     </span>
     <span class='ocr_line' id='line_1_41' title="bbox 87 3705 986 3780; baseline 0.006 -16"><span class='ocrx_word' id='word_1_314' title='bbox 87 3742 91 3750; x_wconf 75' lang='lat'><em>,</em></span> <span class='ocrx_word' id='word_1_315' title='bbox 112 3705 416 3780; x_wconf 61' lang='lat' dir='ltr'>10m5.&amp;Philostrati</span> <span class='ocrx_word' id='word_1_316' title='bbox 429 3711 531 3772; x_wconf 75' lang='lat' dir='ltr'>n’ne&#39;ras.</span> <span class='ocrx_word' id='word_1_317' title='bbox 570 3708 677 3768; x_wconf 68' lang='lat' dir='ltr'>IDEM.</span> <span class='ocrx_word' id='word_1_318' title='bbox 760 3766 764 3772; x_wconf 87' lang='grc'>,</span> <span class='ocrx_word' id='word_1_319' title='bbox 791 3746 794 3755; x_wconf 89' lang='lat'>·</span> <span class='ocrx_word' id='word_1_320' title='bbox 984 3720 986 3723; x_wconf 81' lang='grc'><strong>’</strong></span> 
     </span>
    </p>
   </div>
   <div class='ocr_carea' id='block_1_8' title="bbox 124 3783 1222 3944">
    <p class='ocr_par' dir='ltr' id='par_1_8' title="bbox 124 3783 1222 3944">
     <span class='ocr_line' id='line_1_42' title="bbox 153 3783 1222 3944; baseline -0.033 -85"><span class='ocrx_word' id='word_1_321' title='bbox 153 3797 197 3867; x_wconf 72' lang='lat'>34</span> <span class='ocrx_word' id='word_1_322' title='bbox 214 3784 402 3862; x_wconf 67' lang='lat' dir='ltr'>tudertum]</span> <span class='ocrx_word' id='word_1_323' title='bbox 425 3783 608 3870; x_wconf 51' lang='lat' dir='ltr'>Pufipba&#39;e&#39;ug.</span> <span class='ocrx_word' id='word_1_324' title='bbox 626 3785 756 3872; x_wconf 44' lang='lat' dir='ltr'>ipsus,</span> <span class='ocrx_word' id='word_1_325' title='bbox 1003 3867 1040 3944; x_wconf 79' lang='lat'>36</span> <span class='ocrx_word' id='word_1_326' title='bbox 1067 3864 1136 3925; x_wconf 57' lang='lat' dir='ltr'>la</span> <span class='ocrx_word' id='word_1_327' title='bbox 1217 3865 1222 3875; x_wconf 33' lang='grc' dir='ltr'>Ι</span> 
     </span>
     <span class='ocr_line' id='line_1_43' title="bbox 124 3885 1136 3925; baseline -0.036 -20"><span class='ocrx_word' id='word_1_328' title='bbox 124 3896 128 3905; x_wconf 91' lang='grc'>.</span> <span class='ocrx_word' id='word_1_329' title='bbox 1041 3908 1049 3924; x_wconf 27' lang='grc' dir='ltr'><strong><em>ι</em></strong></span> <span class='ocrx_word' id='word_1_330' title='bbox 1106 3885 1136 3925; x_wconf 43' lang='lat'>&#39;⁴</span> 
     </span>
    </p>
   </div>
   <div class='ocr_carea' id='block_1_9' title="bbox 0 0 1254 4260">
    <p class='ocr_par' dir='ltr' id='par_1_9' title="bbox 0 0 1254 4260">
     <span class='ocr_line' id='line_1_44' title="bbox 0 0 1254 4260; baseline 0 0"><span class='ocrx_word' id='word_1_331' title='bbox 0 0 1254 4260; x_wconf 95' lang='lat' dir='ltr'> </span> 
     </span>
    </p>
   </div>
  </div>
 </body>
</html>
