2460 4260
141 205 224 284 ho
250 166 518 315 venenis
542 191 970 319 rnnvrormou.
1028 211 1081 291 31.

75 347 159 419 iicin
170 332 295 434 Psyches
308 343 631 440 cummenthpuiejuuo
645 343 693 407 lib.
704 364 731 426 5.
762 342 848 410 Ante
861 344 967 411 letiuli
983 349 1076 431 pedes

75 432 176 511 iacebat
189 432 298 512 arcus,
319 431 348 496 &
363 433 523 512 pharetra,
544 430 573 494 ἃ
587 431 722 512 sagittae,
744 430 849 512 magni
866 428 928 494 Dei
943 431 1076 514 propitia

75 521 130 582 tela.
174 513 263 579 Cum
277 535 309 578 er
332 515 460 596 irpron
482 511 535 574 dus
548 515 637 576 antei
649 517 802 597 legeretur
815 509 925 574 durus:
948 510 1025 603 iculi
1044 536 1076 575 er

75 600 153 664 edidit
167 613 275 685 purus.
302 533 421 663 ied-Li
460 596 537 660 us&
553 592 707 671 Salmafius
727 594 853 659 laudant
869 594 946 659 istud
965 536 1077 685 Pitioei

75 681 173 763 nudus,
193 681 225 745 ἃ
237 680 277 743 ad
291 681 477 759 sententiam
489 676 573 744 reue
585 682 689 744 valere
702 678 840 743 censent.
877 677 930 743 Sic
944 679 1074 747 enim&

75 762 135 871 'ilii
146 763 221 845 ’Μ
228 755 249 843 '5
252 781 271 843 5
272 809 280 826 ·

110 927 207 1027 Jufflt
225 931 268 1012 (5
283 886 363 1005 nudo
373 927 565 1029 puellasuil
581 929 695 1004 Amori
711 928 838 1007 credere.

75 1126 149 1190 Amor
153 1127 284 1207 feriatus
297 1127 342 1202 &¹
352 1130 489 1212 inermis,
509 1151 566 1192 neu
586 1130 659 1216 quid
674 1151 769 1212 arcu,
796 1152 853 1193 neu
866 1127 939 1215 quid
950 1128 1041 1215 {guel
1061 1165 1076 1180 ·

76 1210 129 1293 du,
149 1211 303 1277 Coelitetn
319 1213 435 1278 indicat
449 1214 606 1278 Amorem
623 1261 633 1295 ,
654 1217 788 1294 mitem,
808 1214 942 1279 honestis
956 1215 1076 1296 cupidi·

76 1296 216 1363 tatibus&
230 1293 347 1361 viribus
367 1297 460 1362 sacrae
481 1298 614 1361 caritatis
639 1299 872 1381 exsultantem,
907 1296 1076 1378 antiquiffi·

78 1396 152 1444 mum
167 1399 305 1460 numen,
327 1379 423 1461 colse
444 1396 560 1445 naturae
577 1379 667 1446 debet
689 1384 864 1463 aeternitas,
887 1380 1075 1444 mortalibus

79 1463 174 1528 liberos
188 1460 296 1528 nfitati
314 1463 454 1549 conjugii
474 1465 587 1546 pietate
609 1465 825 1546 prostantem
852 1483 919 1528 non
940 1468 1077 1527 alterum

78 1547 255 1632 vulgarium,
278 1547 476 1627 inquietum,
497 1547 742 1628 lascivientisque
759 1548 853 1610 aetatis
868 1545 1010 1610 instiniiu
1027 1560 1075 1609 tu-

79 1630 259 1696 multuosum
270 1647 308 1691 ac
324 1633 536 1711 petulantem,
551 1632 620 1693 telis
628 1628 764 1694 funereis
778 1629 956 1706 facibusque
973 1647 1075 1691 arma·

81 1719 156 1793 tum,
176 1710 358 1790 &incesta,
379 1713 538 1791 libidines,
560 1711 712 1776 adulteria
727 1713 758 1776 δι
772 1711 948 1777 meretrices
963 1728 1076 1791 procu·

80 1808 192 1859 tantem.
211 1795 327 1859 ‘Verba
340 1791 518 1880 Quintiliani
531 1784 650 1858 deciam.
664 1793 739 1862 XV.

81 1867 112 1938 Et
122 1877 150 1942 in
163 1878 240 1958 illo,
257 1878 310 1958 qui
320 1877 389 1958 jam
402 1880 584 1961 proximum
597 1877 750 1960 sequitur:
789 1902 791 1908 ·

478 2023 577 2163 Veri.
596 2034 658 2185 34:

117 2260 174 2331 Sed
186 2280 289 2334 tuanen
305 2283 411 2335 cavete
425 2264 595 2358 NJmphae‚
612 2262 695 2360 quod
708 2262 823 2358 Cupido
836 2262 966 2359 pulcher
977 2263 1036 2355 ast:

118 2357 206 2433 Tutus
218 2363 262 2454 est
277 2369 311 2434 in
325 2369 421 2436 armis
435 2365 534 2442 idem,
550 2362 672 2460 quaudo
686 2364 786 2435 nudus
801 2362 841 2455 esi
857 2357 993 2451 Amou]

83 2525 196 2601 lubere
208 2538 322 2603 iterum
329 2536 473 2620 Pithoeus,
486 2539 592 2621 judice
605 2532 710 2623 Lipfio.
734 2535 1080 2618 Armuenimjamftum

82 2620 298 2702 nominaverat,
313 2641 438 2706 arcum,
453 2624 612 2708 sagittam,
623 2623 739 2707 ignem.
768 2621 880 2686 Homo
890 2621 966 2686 veto
979 2620 1077 2688 iu‘aut

75 2695 214 2769 salomis
226 2707 414 2772 vocabatur:
438 2705 491 2772 Ut
504 2702 609 2789 Virgii.

109 2855 111 2859 ’
203 2895 248 2912 -·
268 2863 354 2927 Sedu
366 2865 477 2928 circum
490 2862 603 2948 castella
609 2861 665 2949 sub
677 2863 776 2927 armis.

75 3017 171 3101 'Quem
190 3025 330 3090 imitatus
350 3024 381 3088 ἃ
402 3021 585 3087 Prudentius
599 3021 735 3103 adversus
755 3016 916 3107 Symmacb.
938 3017 1020 3088 infri
1040 3019 1082 3086 ad

81 3106 138 3184 urs,
148 3122 196 3188 51.
212 3106 421 3173 adducendus.
449 3105 490 3172 Et
505 3104 641 3170 Ennius:

202 3297 250 3314 ι·-
268 3263 419 3354 Levlsqm
423 3267 589 3354 sequuntur
603 3263 635 3327 iu
646 3260 753 3347 basus.-

79 3433 140 3501 pto,
159 3439 308 3508 armuuus,
330 3423 489 3508 &hastati
532 3422 573 3490 Et
593 3425 643 3488 hic
664 3423 706 3488 est
721 3423 825 3489 sensus
843 3420 996 3502 Salmafiog
1017 3424 1080 3492 Ca.
1120 3436 1124 3443 ·
1177 3407 1178 3411 ’
1215 3435 1217 3440 ·

78 3515 137 3569 vete
150 3505 307 3591 Nymphae
321 3511 410 3573 vobis
432 3510 469 3572 ab
482 3509 593 3574 inermi
618 3508 649 3571 δι
668 3507 756 3572 nudo
771 3524 899 3588 quoque
913 3508 1081 3591 Cupidine.

82 3581 165 3664 Quod
179 3594 266 3655 enim
279 3595 408 3674 pulcher
422 3592 483 3671 est,
505 3607 590 3656 totus
608 3590 650 3655 est
663 3606 815 3670 armatus,
838 3591 933 3654 etiam
947 3612 1022 3655 cum
1034 3609 1083 3653 ar·

84 3668 132 3733 mis
145 3690 268 3756 erutus,
289 3675 319 3738 ἂ
334 3677 437 3741 nudus
449 3675 502 3740 est.
537 3675 629 3741 Nam
642 3673 841 3757 pulchritudo
859 3674 904 3736 illi
919 3673 992 3738 satis
1006 3670 1084 3749 vali-

88 3744 295 3840 itumuturu,
315 3776 412 3850 quam
423 3760 532 3842 utique
546 3776 604 3840 pro
619 3757 689 3825 fuce
703 3758 747 3903 lii²
748 3761 814 3822 telo
825 3755 925 3822 habet.
952 3752 1006 3819 Sic
1019 3749 1085 3908 Aul.

290 3881 292 3885 «
1029 3854 1085 3913 re,

1139 3948 1145 3955 .

914 3977 920 3986 ἱ
1047 3990 1049 3995 1

816 4006 819 4016 ι
