2460 4260
99 254 147 325 μ
222 253 224 258 ·
275 219 482 308 iuuit.
516 223 728 301 ututur
761 226 943 311 Note

220 407 310 470 Sacra
325 406 449 471 Dionea
462 409 586 488 referens
592 400 744 482 sollemnia
760 405 868 487 matri,

257 491 402 564 Lascivus
415 490 528 554 crotalis
536 485 656 572 plaudit
669 483 777 572 Aprilis
792 507 890 552 ouans.

98 638 176 738 Qud
191 652 269 736 ipso,
283 652 417 733 scilicet,
427 668 570 735 tempore
583 652 644 714 hoc
653 645 1079 732 Pervigiliumvemumadiu

97 741 148 811 est.
180 737 281 808 Unde
293 733 426 801 fortaffis
441 737 479 800 ad
487 751 655 814 utrumque
663 746 778 796 tonum
791 733 856 795 tim
864 735 1079 798 cantilluntiuu

96 821 352 902 qttdmscabiliis,
368 818 602 902 &crepitaculis
619 816 710 879 erneis
723 817 927 880 tinnientium
939 817 1079 899 exprimet

96 904 197 986 dum,
218 902 300 970 haud
313 900 398 971 mali
414 920 543 984 quoque
556 901 617 984 legi
632 897 716 982 posse
730 898 932 963 crediderim:

154 1052 339 1145 uncinum,
357 1063 398 1144 (T
410 1081 477 1135 tuta
492 1086 554 1135 nux
568 1059 608 1154 est
619 1061 810 1156 pervigilata
824 1062 957 1131 canatis.

95 1241 143 1304 Ita
157 1232 299 1304 Areobiur
312 1237 360 1301 lii.
372 1255 401 1322 7.
409 1251 480 1322 pag.
495 1256 563 1326 140.
605 1235 692 1318 Quid
709 1237 762 1302 fibi
775 1241 889 1304 volunt
910 1239 1079 1304 excitatiou

95 1327 175 1406 illue,
189 1343 265 1404 quas
280 1323 389 1386 canitis
402 1321 566 1398 matutini,
583 1321 705 1384 collatis
719 1319 757 1384 ad
770 1322 877 1386 tibiam
885 1322 1037 1386 vocibus?
1059 1343 1078 1385 o

94 1407 290 1471 dormiscunt
305 1405 391 1467 enim
405 1401 533 1484 Superi,
548 1419 732 1467 remearent
747 1400 786 1462 ed
798 1400 921 1501 Vigilias
936 1403 1079 1470 debeant?

135 1485 250 1575 Lipfius
264 1485 341 1552 veri)
356 1486 478 1569 pridem
491 1483 543 1552 hic
557 1486 590 1551 in
604 1487 666 1551 alia
675 1486 787 1551 'omniu
802 1487 895 1570 abrit,
911 1491 1038 1572 legens:

152 1650 326 1721 Detumeut
334 1692 345 1730 ‚
362 1646 404 1728 (u
419 1665 484 1718 tota
498 1671 560 1718 nox
574 1645 613 1738 est
624 1647 763 1744 pervigil
775 1650 796 1719 i
809 1653 941 1722 canticis.

86 1825 226 1890 'Fatetur
247 1823 453 1891 nihilominus
476 1823 629 1906 ipsemet,
658 1821 807 1904 syllabam
826 1818 1006 1905 hicpraeter
1028 1823 1079 1885 vui

96 1928 222 1973 morem
240 1907 441 1989 produdtam,
458 1908 577 1980 vitandi
592 1905 703 1969 saltem
717 1908 812 1969 'iambi
829 1905 935 1989 giutid.
978 1904 1079 1969 Deve

96 1995 137 2054 bo
153 2006 259 2054 autem
274 1992 440 2070 detumeat,
462 1987 567 2065 idest,
588 1990 789 2053 tumorem&
806 1989 917 2056 fastum
925 1987 981 2052 Dii
999 1990 1046 2052 illi
1060 2009 1078 2069 p

96 2089 201 2154 nunt,
230 2071 315 2139 effuss
339 2075 371 2136 in
391 2071 508 2152 jocos,
540 2071 708 2134 &solitam
724 2073 890 2155 Pervigilio
905 2073 1079 2136 hilaritaten

96 2156 240 2236 quamvis
256 2159 351 2219 etiam
364 2154 475 2215 Statius
489 2149 594 2236 Papia.
612 2151 660 2215 iii.
671 2174 700 2235 5.
717 2155 789 2235 vers.
801 2153 872 2239 468.
888 2175 955 2219 non
970 2157 1076 2220 ebsrmi

97 2238 192 2303 terei
209 2256 290 2302 voce
303 2237 375 2308 usus
390 2237 506 2314 fuerit,
526 2236 628 2301 adhuc
648 2254 752 2302 tamen
772 2239 848 2298 idem
863 2235 979 2322 Lipfius
994 2239 1079 2304 delib

97 2324 186 2387 ravit.
232 2316 385 2396 Salmafius
399 2318 494 2401 porri)
508 2321 572 2400 ait,
589 2321 621 2383 se
637 2341 702 2384 non
716 2321 842 2398 videre,
874 2343 928 2387 cur
950 2341 1026 2386 vere
1048 2341 1079 2387 n(

97 2405 186 2488 poffit
201 2405 298 2470 videri
314 2420 379 2468 tam
393 2401 527 2486 expreffa
539 2403 728 2469 vetustifftmi
743 2405 860 2469 codicis
875 2405 1045 2487 scriptura:

173 2576 227 2645 De
240 2594 358 2676 tenente
370 2593 435 2644 tuta
450 2595 512 2674 aute
530 2572 570 2666 est
580 2573 800 2674 pervigilanda
816 2579 949 2653 canticis.

98 2783 210 2867 idest,
237 2785 447 2865 Continenter,
470 2805 526 2846 una
539 2797 656 2866 tenore,
677 2784 755 2850 &ut
773 2784 859 2850 Galli
879 2785 1014 2853 dicunt:
1045 2783 1079 2847 d’⁴

97 2883 219 2951 tenant„
240 2871 280 2935 de
300 2889 366 2934 uno
388 2883 523 2933 tenente.
568 2866 685 2948 Neque
708 2885 813 2933 tamen
833 2884 925 2954 negat
946 2870 1079 2950 scriptur

98 2949 290 3023 Datame&
297 2967 372 3032 tata,
391 2953 579 3032 quodetiam
594 2951 756 3013 Scriverius
771 2956 899 3039 agnovit
913 2973 920 3017 :
933 2955 986 3033 qui
998 2953 1029 3017 ἃ
1041 2955 1079 3036 ip]

98 3034 175 3098 cum
189 3055 299 3099 omnes
313 3039 346 3099 in
361 3039 469 3099 animo
483 3037 807 3113 suovconcenturiaret
821 3036 1041 3117 conjediuraS,
1063 3056 1079 3100 ν

99 3135 154 3183 nas
169 3137 280 3180 omues
292 3119 508 3200 deprehendit,
529 3117 642 3182 meiius
657 3118 797 3184 divinare
806 3119 939 3200 jubens,
961 3120 1015 3200 qui
1032 3118 1063 3192 se

99 3197 185 3282 poffe
205 3200 403 3281 speraverint.
447 3201 534 3284 Quid
547 3198 625 3264 verb
638 3201 759 3282 speratu
779 3204 928 3282 facilius,
956 3201 1031 3282 quid
1054 3205 1079 3282 pi

99 3285 190 3363 nius,
212 3283 287 3364 quid
301 3285 418 3364 aptius,
439 3285 512 3366 quid
529 3287 654 3367 propius
670 3284 842 3351 Pu'e‘tarum
854 3282 963 3351 Deum
977 3284 1079 3365 inseqt

100 3367 172 3432 tur?
194 3366 267 3444 quid
282 3368 384 3430 choris
400 3367 652 3450 tripudiantium,
665 3367 694 3431 ἃ
705 3370 861 3434 consuetae
875 3363 1079 3451 Pervigilioru

100 3448 212 3518 letitie
229 3450 567 3530 convenientius,quid
582 3451 621 3514 ad
634 3451 786 3518 somnum
798 3451 978 3534 pellendum
993 3450 1079 3514 fortir

100 3529 255 3598 &melius
270 3529 380 3612 faciat,
395 3531 490 3609 quim
504 3531 656 3594 detinent?
678 3531 840 3615 Siquidem
852 3532 890 3596 de
907 3532 1079 3598 noudumu

7 3689 9 3695 ,
98 3617 205 3682 soluto
222 3613 298 3678 festo
317 3615 369 3677 fiat
386 3614 497 3677 sermo.
541 3614 761 3695 Quamobrem
783 3634 849 3680 non
865 3616 965 3681 modu
986 3612 1079 3678 Pithu

5 3702 7 3706 ’
99 3698 178 3770 apat
190 3693 320 3784 Lipfium
335 3697 450 3778 scripsit
465 3691 539 3755 Nox
549 3694 774 3784 pervigilanda,
795 3700 850 3773 sed
865 3700 894 3764 δι
911 3696 1069 3776 Salmafius

99 3780 274 3848 Trebellium
290 3777 450 3844 Pollionem
464 3791 534 3866 pag
554 3797 623 3868 303.
645 3783 745 3870 legit:
770 3780 963 3872 perviglanda
984 3776 1079 3877 cantie

452 3897 454 3903 ·
1046 3887 1079 3930 cr
