2460 4260
168 186 249 263 AD
273 187 535 266 VENERIS
561 182 997 275 PERVIGILIUM.
1029 199 1099 294 153'

78 337 142 389 teta
156 325 187 389 dt
203 328 365 399 umbrosos
380 332 471 394 lucos
486 329 525 394 ad
539 327 652 394 felium
664 327 758 393 Veris
769 328 925 398 sollemne
938 329 1104 409 prodeam·

78 409 188 473 bulare
208 413 386 491 mandavit3
406 413 503 494 iisque
525 414 678 478 comitem
692 410 884 491 facundum,
905 413 959 493 qui
974 431 1032 494 pro
1047 432 1103 478 ve-

79 492 190 557 hiculo
213 492 308 576 esset,
329 494 487 561 associavit
508 494 708 579 Cupidinem.
758 492 820 558 Sed
845 514 912 559 non
934 494 1005 560 satis
1027 509 1102 562 tuta

79 575 179 642 videri
200 577 273 657 inae,
284 594 445 661 poterant,
468 579 619 661 squidem
636 578 742 643 Amor
756 576 811 640 sua
825 576 933 642 secum
947 597 1035 643 arma
1046 599 1104 644 ve·

79 659 186 740 heret,
207 680 266 725 nec
291 661 355 744 ipse
379 682 506 744 quoque
527 663 664 746 pariter,
683 675 718 725 ut
739 659 801 724 illae
818 662 856 724 ab
878 662 966 724 omni
982 661 1104 743 penitds

78 760 176 823 opere
199 741 330 826 cessare,
350 745 526 829 festumque
541 748 603 811 hoc
620 745 786 823 innoxium
800 740 893 826 plane
906 743 1034 809 feriatus
1051 765 1105 810 ac-

79 824 192 895 cedere
206 831 314 904 rellet,
355 826 419 893 Sed
433 828 664 912 intempestivus
680 827 758 912 illa,
781 827 810 890 ἀ
826 825 960 891 omnino
979 827 1107 899 frustra·

82 909 161 977 ueris
182 925 247 977 etat
271 926 395 976 metus:
419 913 465 977 lte
479 910 596 992 modb,
618 910 744 988 saltate,
765 907 920 1055 &pandit
938 909 1037 976 velita
1055 911 1104 976 su-

82 1009 165 1071 curae
189 994 323 1073 peragite
344 996 505 1079 virgines;
532 1013 666 1076 arcum,
687 996 774 1073 tela,
814 1011 906 1072 aces,
926 1010 1103 1060 exarmatus

84 1077 232 1141 omuibus
254 1077 283 1141 dt
311 1079 436 1163 lingulis
454 1125 464 1158 ,
485 1098 554 1160 qua
573 1082 642 1143 ullo
663 1074 764 1142 modo
780 1074 887 1139 lasura
899 1076 1102 1164 videbantur,

82 1156 236 1238 deposuit.
281 1157 396 1240 thue
416 1160 540 1227 festivus
561 1160 673 1240 vobis,
695 1159 851 1224 &revera
871 1159 990 1225 otiosus
1011 1162 1107 1244 adpa-

83 1257 165 1320 reat,
186 1261 246 1306 nec
262 1245 431 1323 quicquam
444 1245 641 1310 formidabile
658 1245 819 1308 occultare
834 1242 962 1307 forsitan
981 1247 1103 1325 valeat;
1218 1280 1220 1286 v

83 1327 203 1404 ellum,
226 1328 397 1406 quantillus
410 1327 469 1408 eli,
490 1342 595 1393 totum
611 1327 758 1403 nudum,
779 1325 943 1390 vobiscum
957 1326 1107 1409 tripudia·

85 1426 134 1487 re,
156 1424 274 1487 atque,
295 1424 394 1475 matre
411 1414 454 1476 ita
465 1411 677 1491 decernente,
698 1407 803 1474 restim
819 1407 969 1481 dubitare
982 1410 1108 1493 conspi-

86 1492 212 1568 camiui.
255 1492 417 1574 Quicquid
438 1509 553 1565 tamen,
565 1494 632 1576 ejus
655 1494 700 1556 rei
721 1493 755 1556 iit
774 1539 784 1572 ,
804 1496 855 1556 vel
871 1488 934 1574 ipsa
947 1493 1002 1557 illa
1015 1495 1109 1560 nudi·

85 1586 153 1652 las,
176 1573 206 1637 dt
229 1577 333 1639 nativa
354 1577 495 1657 ejusdcm
516 1572 678 1641 manifeste
700 1592 884 1654 comparens
905 1577 1106 1657 pulchritudo

86 1676 218 1738 monere
248 1660 383 1739 virgines
413 1659 584 1739 debuerat,
616 1673 652 1722 ut
672 1657 833 1736 aliquanti)
862 1656 981 1720 cautibs
1003 1658 1106 1739 ipsum

87 1742 191 1803 eboris
205 1739 273 1824 xsuis
289 1741 459 1826 adjungant
477 1740 658 1821 Amorem,
687 1738 806 1820 quanto
827 1741 883 1803 ille
895 1738 1029 1805 validius
1046 1740 1107 1806 nu-'

87 1822 124 1887 di
141 1825 204 1907 suae
218 1824 329 1888 forma
345 1825 575 1906 pulchritudine
591 1824 751 1904 munitus,
769 1841 847 1904 nec,
869 1818 944 1887 licet
958 1822 1104 1907 inermis,

88 1922 174 1973 totus
194 1905 286 1989 plauc
301 1909 334 1973 lit
353 1922 545 1974 exarmatus:

181 2070 246 2155 Qud
259 2073 353 2138 nudus
367 2072 460 2160 magis
474 2074 533 2157 est,
553 2044 604 2141 boc
624 2074 721 2138 minuis
738 2071 815 2160 alga
827 2068 927 2154 Amor,

86 2235 191 2303 Nunc
211 2239 289 2305 verb
313 2241 495 2322 cumprimis
517 2260 595 2323 opus
607 2241 707 2306 fuerat
721 2240 841 2323 pudicis
856 2240 993 2322 puellis,
1012 2253 1048 2306 ut
1068 2258 1110 2304 ne

85 2323 331 2403 cogitationibus
345 2323 472 2405 quidem
487 2324 638 2389 Venereis
652 2337 812 2404 occupata
827 2323 934 2387 forent
950 2370 960 2403 ,
980 2323 1107 2402 quaudo

85 2399 201 2478 Diana
223 2426 280 2487 pro
302 2409 478 2492 virginitate
499 2404 646 2471 hadlentis
671 2405 756 2471 culti
771 2405 985 2488 responsura,
1008 2407 1110 2470 const·

84 2489 155 2551 mili
176 2489 242 2554 ferd
258 2492 347 2572 ipsius
364 2490 456 2564 Divae
469 2490 606 2575 pudore,
625 2489 665 2554 ad
680 2493 760 2554 hanc
774 2488 874 2573 ipsam
888 2487 1008 2553 nubiles
1022 2488 1109 2569 jam,

85 2569 116 2647 dt
141 2571 211 2636 viro
229 2590 356 2641 maturae
377 2593 453 2639 cum
473 2575 609 2638 canistris
630 2592 688 2637 acu
702 2569 878 2656 pictarum,
900 2571 1041 2655 &mauu
1056 2569 1110 2635 sud

85 2654 320 2735 elaboratarum
343 2661 477 2722 telarum
501 2659 624 2738 plenis,
653 2658 743 2721 illam
762 2656 997 2739 propitiaturae,
1027 2654 1112 2718 abice

83 2752 218 2886 gemus,
240 2761 279 2805 ne
320 2762 337 2804 e
357 2757 469 2816 caetero
484 2741 552 2819 ipfis
567 2737 805 2823 corrumpendis
826 2739 983 2818 irascitur,
1006 2733 1111 2814 (uelut

115 2808 264 2885 Theocriti
275 2823 311 2885 Sc
362 2824 367 2835 ’
411 2845 425 2884 e
440 2823 481 2884 ad
491 2821 574 2910 ldyll
590 2845 619 2899 2,
640 2821 698 2884 haec
715 2823 811 2884 omnia
834 2820 863 2882 di
875 2821 967 2884 cimus
977 2822 1008 2900 3)
1032 2837 1112 2882 neve

84 2903 143 2966 illa
163 2920 313 2986 tanquam
336 2909 368 2971 in
392 2921 505 2970 venatu
526 2909 607 2974 iuter
630 2905 711 2971 feras
728 2903 894 2984 sueviilet,
914 2906 957 2968 ita
972 2905 1004 2965 in
1020 2919 1111 2981 puer-

83 2987 175 3068 petio
190 2990 359 3069 aliquando
375 2989 506 3072 stragem
527 3003 690 3052 cruentam
708 2985 801 3068 edat,
822 2985 911 3069 cujus
927 2983 971 3051 rei
987 2986 1113 3048 simula·

85 3071 201 3136 abtum
215 3093 367 3154 quoque,
389 3071 608 3151 &suspicandi
625 3069 792 3134 materiam
814 3072 930 3154 eadem
946 3068 1116 3150 deprecan-

86 3167 164 3232 tur,
186 3170 280 3235 atque
300 3155 441 3224 Dianam
461 3156 633 3233 tantisper,
660 3154 738 3217 dum
758 3151 829 3232 ipsae
852 3152 969 3219 Veneri
992 3151 1054 3216 suae
1068 3150 1116 3214 fa·
1184 3209 1189 3219 .

88 3238 201 3319 ciant,
222 3241 443 3318 desolentur,
466 3237 483 3301 i
500 3240 596 3317 lucis,
617 3235 858 3316 nemoribusque
873 3237 934 3302 suis
954 3234 1115 3314 secedere,

88 3334 185 3398 atque
209 3325 247 3386 ab
267 3326 356 3391 omni
377 3322 533 3387 cade-libi
554 3335 725 3399 temperare
738 3336 988 3402 comprecantur.
1032 3314 1117 3381 Non

88 3401 178 3482 qubd
201 3425 268 3471 non
292 3409 409 3471 eadem
429 3405 563 3488 virgines
592 3403 733 3482 adeoque
757 3404 821 3484 ipsa
842 3404 953 3469 Venus
975 3399 1116 3467 Dianam

87 3484 171 3551 ferte
184 3508 252 3553 non
267 3489 403 3570 possent,
425 3509 492 3569 quae
507 3487 571 3568 ipsa
588 3485 708 3550 Divam
724 3488 854 3551 alteram
870 3505 998 3567 quoque
1012 3485 1051 3548 ad
1068 3483 1117 3545 sa·

90 3586 143 3633 cra
161 3570 218 3635 sua
232 3572 398 3637 adventare
412 3573 553 3657 gavisura
568 3568 639 3635 esset
655 3589 692 3634 ex
708 3572 816 3635 auimo
832 3618 842 3650 ,
864 3571 1012 3650 siquidem
1027 3566 1044 3628 a
1060 3564 1115 3627 de·

91 3670 168 3716 coro
190 3656 351 3737 virginali,
373 3657 402 3718 &
424 3654 520 3740 rigidi
537 3657 614 3719 tanti
630 3655 768 3719 numinis
784 3655 943 3718 severitate
958 3668 1024 3713 non
1039 3664 1116 3728 pau-

92 3722 269 3812 tollimus
286 3738 440 3829 fortasse,
463 3738 751 3885 pervigilationffus
768 3736 949 3819 hujusmodi
965 3730 1120 3883 nuerffi}

734 3835 754 3899 5
1071 3890 1074 3895 .
