2460 4260
158 208 239 286 nn
264 168 532 286 venustis
558 188 993 313 rpuviotntuu.
1042 232 1088 316 73

118 343 356 414 Gamlas'imer
368 361 532 418 catervas,
556 343 636 410 inter
652 338 695 419 (γ
710 336 826 433 bipedes
840 360 948 437 equm3

117 444 208 514 Fecit
220 441 387 513 undantem
404 441 509 510 Dium
523 437 560 509 de
573 443 693 510 maritis
708 438 862 511 imbribus.

169 540 259 622 Cras
276 556 389 624 amet,
412 534 471 634 qui
487 556 671 634 numquam
688 539 835 622 amavitt
860 537 989 637 quique
998 558 1095 643 amag

256 657 258 661 ·
328 638 397 718 vit,
421 655 495 716 cras
511 652 613 719 amet.

119 735 226 811 Fama
245 741 351 832 Cypris
366 737 541 816 deerrare,
564 734 661 833 deque
675 736 801 808 Amoris
815 731 920 834 offulis
928 784 940 819 ‚
1035 794 1038 801 ,

119 843 233 936 Deque
241 843 384 934 gummis,
409 834 504 934 deque
511 833 671 931 flammis.
693 838 789 936 deque
803 837 883 908 Solis
893 843 1060 938 purpuria

116 935 187 1032 Ipsa
197 933 341 1032 gemmeis
351 952 578 1032 purpurantem
593 938 694 1031 pingit
707 958 823 1006 anuum
829 933 980 1031 floribus:

120 1033 189 1129 Ipsa
193 1035 356 1131 surgentes
363 1032 506 1127 favillas
524 1033 561 1105 de
578 1028 829 1129 Favenispiritu

121 1137 238 1230 Urguet
256 1144 290 1206 in
297 1133 384 1227 focas
400 1151 554 1228 tepentes:
580 1129 646 1227 ipsa
660 1139 736 1203 ruris
751 1131 848 1203 lucidi

98 1233 234 1330 jNoiiis
251 1259 332 1304 aura
350 1257 438 1332 quem
453 1233 598 1331 reliquit,
614 1231 739 1328 spargit
754 1235 913 1304 humentes
928 1259 1035 1334 aquas.

120 1334 268 1405 Emicam
281 1334 415 1404 lacrima
427 1351 585 1404 trementes
600 1330 738 1404 decidiuo
751 1332 906 1426 pondere.-

122 1436 224 1506 Gutta
234 1451 362 1528 praeceps
377 1418 447 1504 orbi
453 1450 557 1526 paruo
563 1430 698 1525 sustinet
711 1429 884 1523 casursuos.

122 1534 205 1606 Hinc
216 1533 364 1628 pudorem
373 1529 547 1630 florulenta
557 1529 760 1626 prodiderunt
770 1548 929 1626 purpura.

123 1634 244 1706 Humor
258 1632 382 1727 algerus,
409 1654 497 1727 quem
501 1629 620 1719 serenis
635 1629 844 1723 astrasudunt
857 1631 1012 1717 nafiibut,

109 1735 226 1806 'Mane
239 1734 393 1825 virgineas
404 1728 540 1824 papillas
546 1725 650 1819 saluit
666 1731 805 1802 humenti
816 1730 914 1823 peplo.

124 1830 191 1926 Iptsa
203 1827 310 1926 jufflt,
335 1830 423 1913 mani
439 1848 475 1899 ut
492 1827 559 1898 uda
575 1831 707 1922 virgines
722 1828 841 1898 nubam
858 1815 955 1918 r‘osat

122 1931 373 2007 Cras'ruborem‚
398 1934 452 2027 qui
464 1927 581 1997 latebat
595 1927 678 2020 velie
691 1925 788 1999 etuas
804 1923 892 2023 ignei
900 1974 913 2008 ,

124 2033 236 2111 Unico,
260 2033 398 2109 marita,
424 2027 500 2100 nodo
513 2051 574 2100 nou
583 2025 710 2122 pudebit
719 2024 853 2120 fhlvere.

119 2191 231 2261 Videat
251 2192 389 2274 Leiior,
410 2192 506 2276 quim
524 2196 680 2316 crepantes
704 2194 769 2258 haec
786 2195 896 2259 omnia
908 2196 1095 2280 correspon-

88 2269 184 2360 deant,
207 2280 237 2344 dt
258 2280 411 2362 quadrent
431 2277 583 2342 invicem.
613 2277 833 2342 lllavidelicet
847 2275 950 2361 Dira,
971 2300 1039 2362 qua
1053 2281 1094 2346 de

87 2373 186 2427 cruore
200 2363 230 2427 br
243 2363 377 2446 gemmis
392 2359 450 2442 est,
470 2361 623 2446 gemmeis
639 2379 767 2440 quoque
781 2362 909 2443 floribus
922 2382 1095 2447 purpuran-

89 2449 296 2525 lemannum,
318 2446 372 2511 seu
393 2464 447 2508 ver
467 2444 592 2533 pingit3
614 2442 644 2522 dt
665 2461 732 2523 qua¹
753 2448 859 2508 calore
883 2442 922 2508 de
939 2446 1094 2530 superno,

89 2521 175 2609 deque
203 2532 338 2611 flammis
366 2542 436 2593 otta
461 2527 502 2591 eli
519 2575 537 2613 ,2
566 2527 722 2591 latitantes
750 2545 880 2608 quoque
906 2528 963 2594 sub
989 2531 1096 2609 cinere

88 2612 190 2677 amoris
212 2615 297 2701 ignes
316 2661 326 2694 ,
347 2627 441 2693 atque
460 2611 582 2675 favillas
605 2611 706 2675 flabris
722 2609 855 2675 Favonii
872 2614 978 2694 excit,
1000 2627 1095 2694 atque

87 2696 207 2761 ventilat
222 2745 232 2776 ,
253 2698 348 2779 inque
370 2711 466 2760 notos
481 2741 491 2774 ,
510 2683 562 2758 iel
577 2696 673 2759 etiam
687 2694 789 2760 nudos
802 2711 928 2778 penates
943 2745 953 2779 ,
975 2712 1028 2762 aut
1043 2697 1095 2760 fo·

87 2791 131 2855 cos
145 2784 428 2863 quoque'tepentes
441 2778 588 2861 propellit
601 2778 631 2841 ἀ
645 2777 797 2843 effundit:
819 2777 899 2860 Quae
913 2780 1049 2861 denique
1056 2779 1096 2843 de

86 2855 199 2928 Cbroni
229 2865 347 2928 maritis
376 2863 550 2941 imbribus,
578 2862 774 2942 spumeoque'
791 2865 882 2945 ponti
904 2866 1001 2947 globo
1022 2882 1096 2943 pro-

83 2940 174 3026 ftda,
196 2946 329 3011 &inter
351 2948 478 3008 carulas
501 2958 638 3007 catervas
660 2959 780 3026 reperta
797 2944 864 3024 eli,
886 2965 923 3008 ea
939 2944 1002 3026 ipsa
1015 2964 1096 3025 quo·

84 3045 137 3107 que
164 3050 272 3095 rorem
286 3027 486 3114 noiiurnum
506 3025 713 3108 circumfert,
733 3027 763 3090 dt
785 3029 932 3110 guttatim
952 3027 1095 3094 destillat.

85 3109 123 3179 At
137 3133 208 3196 quae
225 3114 264 3178 de
282 3110 367 3178 Solis
383 3111 543 3195 purpuris,
564 3111 618 3175 seu
634 3110 746 3192 autori¹
764 3112 896 3194 prodiit,
916 3112 1001 3178 rosas
1015 3133 1098 3195 quo-

84 3214 137 3277 que
152 3216 320 3280 purpureas
336 3195 502 3279 produxit;
523 3196 637 3275 eisque
651 3191 768 3277 nediu,
790 3200 878 3260 velut
894 3195 910 3258 i
926 3212 1015 3279 partu
1032 3199 1099 3261 bal-

83 3294 202 3359 neatus,
224 3282 346 3359 postero
361 3279 464 3343 statim
476 3278 527 3342 die
542 3275 559 3340 ὲ
574 3276 745 3359 virginibus
760 3280 963 3344 maritasfieti
975 3281 1097 3361 voluit,

83 3377 112 3426 ut
137 3364 282 3444 loquitur
308 3360 476 3441 Salmafius.
518 3359 572 3439 De
593 3358 686 3424 mani:
710 3361 828 3427 scilicet
850 3364 1034 3445 papillatum
1048 3383 1099 3425 ea·

84 3465 151 3512 tum
173 3448 363 3528 corymbum
385 3445 527 3510 humenti
541 3448 636 3527 peplo
650 3444 794 3526 solvens,
814 3448 910 3527 inque
924 3448 1046 3529 nuptias
1063 3448 1100 3508 sr-

84 3534 147 3594 mul
165 3533 337 3608 pensitans,
361 3545 395 3594 ut
415 3532 448 3594 in
461 3527 630 3594 crastinum
642 3526 771 3594 tandem
787 3548 919 3610 omnem
933 3535 1099 3606 ruborem,

84 3614 177 3677 veluti
201 3627 304 3699 nuptae
323 3614 391 3696 jam
404 3614 586 3696 deponant,
607 3615 669 3677 hoc
683 3613 743 3694 est,
761 3613 850 3696 jubet
863 3616 919 3678 ilia
934 3632 970 3675 er
992 3611 1102 3673 clausis

85 3713 117 3758 ac
141 3694 249 3777 tebtis,
270 3711 305 3760 ut
329 3712 417 3760 erant
438 3699 471 3761 in
493 3699 649 3780 calycibus
671 3694 760 3775 suit,
781 3699 891 3779 aperiri
915 3693 1102 3772 &expandi

86 3775 244 3865 Quocirci
258 3778 363 3845 rosam
377 3778 475 3860 ipsam
485 3780 596 3846 Venus
610 3779 791 3924 adloqlpitur
807 3771 1064 3925 (verbisSalmegii
1071 3778 1108 3857 :)

383 3900 388 3906 ·
618 3935 621 3940 p
749 3879 768 3941 5
1043 3879 1110 3943 tas,
