2460 4260
155 223 239 299 'AD
263 225 1100 332 VENER18PERV101L1UM¹159
1221 177 1223 182 Ι

75 362 194 448 polito,
210 365 368 431 ferantur.'
389 362 479 430 Nam
494 381 564 432 rota
577 367 629 429 ubi
645 366 748 446 primo
763 385 890 447 quoque
901 368 1040 451 impulsu
1050 370 1099 435 se·

75 453 139 514 mel
149 449 304 529 motaest,
319 450 357 513 ab
366 449 461 531 seipsa
475 464 580 512 motus
588 465 733 513 tenorem
743 465 919 532 perpetuat,
935 451 1097 535 propterei

75 528 163 614 qubd
177 532 297 615 semper
312 546 431 615 partem
446 531 630 596 inferiorem
643 533 809 613 superioris
819 537 1012 600 orbismoles
1029 557 1098 618 pre·

75 630 152 681 mat.
196 614 306 695 ltaque
327 613 401 680 licet
423 615 547 679 Iambus
569 611 656 694 aequi
678 610 744 678 citd
764 615 873 679 evadat
897 614 914 680 ὲ
936 619 1096 700 faucibus,

75 698 180 764 solnm
194 713 301 762 tamen
314 696 510 763 Trochaeurn
523 699 698 762 volubilem
715 715 913 784 agnoverunt
929 748 940 781 ‚
969 719 1096 784 propter

74 783 169 847 aliam
185 781 392 862 syllabarum,
414 782 447 845 in
462 780 574 846 eadem
593 780 722 860 quidem
742 797 924 865 temporum
938 787 1096 864 quantita·
1205 849 1208 858 ,

75 877 126 947 te,
147 863 394 946 dispofitionem.
434 864 558 928 Iambus
573 865 658 927 enim
672 862 763 934 initio
779 869 861 929 celer
876 867 1031 949 impetum
1044 889 1097 934 ca·

75 950 136 1031 pit,
153 967 230 1012 mox
245 947 379 1013 snbfistit.
422 946 544 1011 Contrd
559 945 614 1010 stat
630 943 769 1028 primum
783 951 936 1015 trochaeus
951 998 960 1029 ,
983 952 1096 1017 deinde

75 1043 163 1116 urget
178 1031 241 1094 hoc
256 1031 323 1112 ipso
339 1031 422 1111 quafi
440 1027 579 1111 pondere
599 1028 720 1112 syllaba
741 1029 915 1112 syllabam,
944 1034 976 1097 in
997 1054 1094 1115 quam

75 1113 245 1191 incumbit,
260 1111 943 1192 atqueeavidetursubterlabisuicelerirate.
972 1117 1096 1200 Quem·

77 1196 248 1261 admodum
263 1217 279 1258 e
301 1192 385 1281 regii
400 1197 482 1277 haec,
500 1209 535 1259 ut
551 1197 677 1276 omnia,
695 1214 753 1259 nos
772 1195 884 1261 edocet
899 1198 936 1277 J.
951 1197 989 1261 C.
1004 1199 1097 1263 Scali·
1224 1200 1226 1207 '

75 1276 254 1365 gerianle
297 1283 351 1341 ιὶι.
364 1292 425 1363 cap.
435 1297 463 1362 3.
494 1275 1094 1366 Cumquecarminaitaabinitiofa'iia‚

77 1376 107 1426 ut
135 1356 394 1440 cumularentur,
421 1379 516 1442 quare
543 1361 708 1441 adducor,
737 1376 772 1426 ut
799 1365 863 1427 haec
892 1366 972 1428 inter
993 1367 1094 1447 prima

78 1445 252 1528 agnoscam.
281 1444 499 1526 Quamobrem
513 1443 543 1506 &
557 1442 698 1506 Porcium
708 1441 868 1507 Lacinium
881 1445 1002 1509 Servius
1015 1448 1097 1513 Poe-

78 1528 169 1672 }'ibcam
183 1525 435 1671 Romaelcoepiffe
449 1527 541 1607 dicit,
552 1528 589 1590 in.
599 1526 682 1592 hisce
695 1528 851 1608 veribus,
870 1531 938 1609 teste
949 1527 989 1595 A.
1001 1528 1096 1594 Gellio

114 1629 182 1694 ·17·
198 1626 259 1697 cap.
274 1625 329 1674 ut.
819 1656 821 1661 ,

194 1765 308 1829 Poenico
324 1765 393 1828 bello
399 1763 541 1847 secundo,
556 1761 647 1845 Musa
658 1764 779 1850 pinnato
788 1765 887 1851 gradu

197 1847 303 1912 intulit
308 1850 342 1931 se
355 1847 473 1927 bellicofi
487 1849 518 1911 in
533 1846 653 1911 Romuli
666 1863 786 1933 gentem
792 1851 903 1930 feram.

424 2016 746 2056 *¹3*ssss

75 2164 191 2231 Ennius
204 2165 316 2248 quippe
332 2165 362 2228 u
377 2162 550 2244 Pacuvius,
572 2161 700 2225 Navius
713 2150 828 2244 aliique
841 2164 932 2246 prisci
946 2167 1008 2232 hoc
1022 2186 1090 2234 car·

75 2254 199 2316 minum
213 2268 326 2335 genere
339 2248 449 2333 gavifi,
470 2244 545 2312 licit
560 2248 629 2310 rudi
643 2246 745 2312 adhuc
760 2248 790 2312 u
805 2249 968 2329 impolite,
990 2267 1024 2316 ut
1039 2253 1091 2316 su·

75 2337 123 2414 pri
140 2353 209 2417 pag.
223 2351 262 2396 10
286 2378 292 2394 .
310 2330 518 2396 monstratum
532 2328 586 2395 est.
607 2327 765 2410 Taliaque
781 2335 882 2393 multa
898 2331 928 2389 in
941 2331 1090 2411 Varrone,

75 2417 230 2496 Cicerone,
298 2412 439 2479 Veterum
449 2413 628 2494 Primnum,
644 2411 910 2474 Grammaticorum
926 2415 1001 2477 item
1016 2414 1091 2474 Cor·
1219 2454 1226 2477 .

75 2515 139 2582 pore
152 2497 427 2581 deprehendimus,
442 2515 578 2578 quorum
586 2496 688 2580 gustus
696 2498 746 2562 hic
754 2496 836 2574 esto,
851 2514 919 2576 qnae
934 2498 1014 2563 inter
1030 2499 1089 2562 flo-

75 2584 140 2648 rida
152 2584 309 2649 Veterum
324 2580 394 2645 alibi
409 2579 687 2645 emendavimus&
701 2581 923 2649 enarravimus.

79 2719 81 2722 Α
110 2737 196 2804 Num
209 2759 303 2802 novus
315 2738 433 2826 quidam
446 2737 531 2803 Deus
536 2738 603 2822 jam
608 2735 653 2817 fic
666 2753 797 2825 repersus
811 2740 851 2822 ιβ
864 2738 973 2822 Jam'si

115 2822 234 2921 Adspice
247 2821 297 2884 b‘oc
304 2821 428 2905 sublime
441 2823 581 2903 candens,
602 2843 688 2965 qbuem
701 2824 837 2885 invocant
850 2844 946 2883 omnes
959 2821 1088 2902 Jouem‚
1108 2838 1113 2847 “

115 2907 176 2970 Cm
189 2905 267 2992 quod
276 2905 424 2986 inmersi,
437 2905 601 2984 exftcrabor
628 2927 675 2985 ac,
689 2905 765 2991 quod
776 2903 870 2984 lucet,
887 2904 1026 2990 quicquid
1032 2905 1088 2984 ιβ,

115 2988 257 3074 Juppiter
269 2988 435 3072 tremenda,
447 2986 567 3070 scande,
581 2985 641 3048 ula
655 2987 706 3072 qm'
719 2987 794 3073 regis
803 3008 907 3075 ‚manta

423 3146 746 3192 *ssttss

114 3298 158 3365 At
164 3315 252 3398 pater
264 3300 384 3366 Divdm
394 3298 545 3398 trisulcum
550 3299 668 3382 fulmen
680 3296 741 3386 igni
746 3299 864 3383 fervida

93 3420 100 3462 3
117 3382 229 3449 Mam
241 3385 273 3449 in
283 3382 398 3449 'tholum
411 3383 535 3449 macella.

420 3551 754 3595 0320·

1004 3606 1035 3707 l

115 3783 173 3853 Et'
215 3784 440 3868 aprunussaevus
454 3786 539 3852 undis
553 3785 657 3872 asperis
669 3788 790 3873 pausam
804 3781 902 3866 dadin·
1023 3805 1028 3814 ·

118 3700 255 3850 Naffur
267 3699 327 3763 caeli
343 3675 464 3764 mandu’
478 3701 576 3785 vestm
588 3699 712 3781 constitit
718 3698 854 3783 filcaria,

1054 3859 1103 3930 Ea
