2460 4260
177 204 265 281 AD
297 202 563 282 VENERIS
596 201 1020 281 PERVIGILIUM.
1072 228 1121 300 77

84 338 195 423 Quod
219 338 249 405 ἂ
269 359 328 405 uos
349 344 581 422 approbamus,
602 362 669 407 non
689 357 797 408 tamen
821 344 853 407 in
868 342 941 406 casu
955 342 1121 428 gignendi,

86 422 149 490 sed
164 421 265 488 reiio.
308 419 360 488 De
375 423 439 505 ipsi
456 426 604 505 srquidem
612 426 756 505 Venere,
778 440 812 490 ut
826 427 916 490 antei
930 424 1123 490 demonsttu-x
1210 493 1213 497 ,

86 507 204 570 vimus
218 553 228 586 ‚
249 525 315 570 non
330 508 369 572 de
382 508 458 572 tofis
471 510 522 573 hic
534 508 642 574 versus
657 508 798 591 loquitur
813 557 823 590 ‚
843 511 889 573 nti
904 528 963 572 nec
977 509 1120 590 sequens.

87 587 237 655 Proinde
257 608 316 655 nec
334 587 451 675 Lipfius
472 610 599 674 quoque
620 611 688 655 rem
702 612 760 657 acu
778 589 831 656 hic
846 591 973 676 tetigit,
993 592 1121 672 quando

90 671 241 742 indicem
260 674 322 738 huc
342 675 550 756 protendenS‚
573 671 641 752 rufis
659 671 717 737 illis
734 672 850 738 nullum
863 672 1035 755 Ruinam,
1056 672 1123 737 nuk

90 753 161 819 ium
181 754 194 815 ἱ
213 775 305 838 nem,
332 753 501 844 nullquue
519 773 682 842 purpuram
701 755 931 820 rubicundiorem
944 754 1124 842 pronuncia·

92 837 154 901 vit.
187 775 285 904 {ion
306 841 469 906 abnuimus
491 840 627 932 quidem·
639 837 724 902 Fabio
744 836 861 928 mythol.
882 835 931 902 iib.
945 859 974 904 2.
1003 832 1123 904 Veneri

122 935 233 1004 uoque
259 922 344 987 rosas
370 921 404 988 in
425 928 559 989 tutelam
580 921 714 1005 adjeeias
734 930 761 1003 ,‘
773 919 860 1003 quud
879 943 922 986 eae
942 923 973 994 ἀ
993 923 1126 988 rubeant

169 1016 342 1090 pungen13
382 1009 429 1073 uti
462 1007 493 1071 ἃ
529 1005 626 1071 libido
663 1007 752 1071 rubet
787 1005 981 1070 verecundie
1008 1025 1126 1090 oppro-

101 1087 198 1168 brio,
228 1089 401 1171 pangitque
427 1087 546 1171 peccati
571 1093 705 1154 aculeo:
734 1088 765 1152 ἃ
792 1087 880 1153 ficuti
901 1087 972 1152 rosa
990 1086 1125 1154 denunt

107 1171 254 1252 quidem,
274 1171 326 1235 sed
342 1171 505 1238 celerrimi:
520 1173 649 1238 trauflt:
670 1173 714 1236 ita
728 1171 757 1247 ἀ
773 1167 872 1235 libido
887 1171 961 1234 libet
978 1189 1127 1237 momen·

106 1255 226 1335 taliter,
247 1253 371 1340 &fugit
388 1256 519 1337 (dolet)
536 1255 721 1339 perenniter.
750 1251 859 1319 Noni
881 1273 1031 1318 notamus
1046 1274 1127 1336 quo-

110 1355 168 1418 que
187 1336 274 1402 rosus
290 1337 424 1403 Veneris
440 1339 590 1425 sanguine
605 1334 841 1405 tinuas'erubui
868 1356 904 1419 e,
925 1350 1018 1417 atque
1034 1335 1127 1401 lacri-

111 1422 167 1569 iiis
189 1424 287 1486 oculo
309 1419 491 1488 stillantibus
517 1425 592 1489 alias
613 1440 740 1505 quoque
760 1433 891 1502 enatus,
922 1420 970 1486 uti
989 1416 1066 1484 Bion
1087 1420 1126 1485 de

151 1523 167 1568 c
179 1524 213 1569 re
223 1522 231 1568 :

231 1647 307 1726 Αἷμα
320 1647 388 1731 p'o'iet
401 1652 488 1734 vitrii,
502 1651 536 1715 eri
551 1649 567 1734 3
581 1651 681 1735 iniqua
695 1649 739 1714 teir
753 1647 883 1726 irruitur.

120 1804 158 1872 At
170 1804 249 1874 verb
262 1809 341 1875 illud
357 1810 443 1896 priris
462 1807 609 1894 &cypris
627 1826 680 1874 me
694 1808 737 1873 ita
751 1806 962 1873 transversum
975 1808 1125 1889 abripuit,

75 1912 78 1949 t
123 1905 151 1955 ut
163 1892 248 1957 rosas
262 1890 313 1956 hic
327 1893 417 1959 fundi
438 1899 489 1959 vei
507 1892 644 1958 crescere
658 1889 742 1974 poffe
755 1911 823 1957 non
836 1890 973 1975 capium,
993 1889 1046 1954 sed
1069 1905 1130 1955 tra·

75 1956 81 2059 i
121 1972 250 2054 jeilione
264 1977 399 2043 omnini>
412 1997 491 2060 opus
507 1974 558 2041 hic
571 1975 631 2041 eise
643 1975 824 2040 existimem.
848 1972 890 2038 Et
904 1994 944 2038 ne
959 1972 1033 2054 quid
1047 1973 1130 2038 diffi-

75 2064 78 2075 '
125 2062 237 2124 mulem
251 2106 261 2140 ‚
290 2061 435 2127 nondum
448 2057 522 2124 sanie
536 2061 680 2124 mihimet
693 2057 756 2141 ipse
770 2107 781 2140 ,
808 2077 869 2122 nec
882 2059 934 2122 alii
948 2057 981 2119 in
994 2055 1068 2134 verfi
1080 2077 1129 2142 23.

126 2140 342 2208 satisfecerunt.
373 2143 488 2210 Sensus
502 2143 629 2224 quidem
643 2144 693 2207 hic
707 2139 767 2206 effe
781 2142 904 2222 debuit,
918 2137 1004 2222 quud
1019 2139 1130 2204 Venus

128 2222 196 2304 ipsa,
206 2245 274 2307 quae
289 2245 326 2290 ex
339 2228 471 2292 humido
485 2228 621 2305 semine,
636 2226 666 2290 δι
681 2227 713 2289 in
727 2225 858 2289 humido
875 2239 948 2289 nata
959 2227 1130 2303 elemento,

129 2309 251 2393 uirgines
274 2329 401 2391 quoque
423 2311 492 2375 suas
513 2308 598 2374 rosas
619 2310 834 2390 nupturientes
848 2309 981 2370 humore
997 2307 1132 2388 gaudere

129 2393 264 2535 gottern.
305 2392 554 2475 Quarenescio,
575 2411 615 2456 an
630 2405 698 2456 non
711 2390 879 2455 vetiieulus
900 2389 954 2454 iste
972 2384 1135 2470 tantopere

148 2491 319 2557 epravatus:

168 2622 262 2715 Festa
270 2628 361 2719 prius
378 2622 417 2695 de
431 2646 559 2702 cruore,
581 2605 678 2724 dique
691 2627 804 2695 amoris
816 2620 922 2700 oculis,

132 2801 166 2870 itt
177 2805 272 2891 quim
284 2804 428 2891 proxime
442 2807 477 2872 fit
492 2807 741 2873 constituendus:

171 2993 257 3086 Fusa
272 2995 377 3091 Cypris
390 2991 564 3092 deeruure,
592 2951 729 3147 {giiii
743 2951 908 3137 imarii}
930 2939 1056 3085 poculis.
1082 2939 1085 2945 Ι

684 3049 837 3148 maresque

134 3177 188 3249 Vel
201 3181 294 3250 sani:

172 3331 260 3426 Fusa
274 3335 381 3430 Cypris
394 3334 433 3408 de
448 3357 569 3414 cruore,
584 3335 681 3434 dique
695 3333 820 3406 Amoris
833 3327 943 3432 efflatis.

131 3508 281 3597 Niiiquis
295 3514 352 3599 pro
367 3513 472 3595 oculis,
493 3535 573 3598 quos
590 3519 686 3582 etiarn
702 3513 767 3579 Dn.
784 3511 928 3580 Barrhius
940 3509 982 3576 ad
991 3507 1146 3598 Calpurnii

130 3594 225 3684 Eciog.
236 3619 264 3680 5.
286 3598 337 3664 hic
353 3620 371 3664 a
394 3603 503 3680 novit,
524 3600 576 3665 sed
589 3602 681 3666 metri
697 3601 778 3665 ratio
794 3614 860 3665 non
875 3599 1006 3681 patitur,
1023 3588 1147 3654 ocellatis

129 3684 238 3769 exigat.
267 3681 357 3747 Nam
370 3620 538 3764 {Venun
555 3684 610 3750 seu
627 3685 724 3749 libido
734 3682 813 3748 iude
826 3698 915 3762 nata,
931 3675 1065 3759 iuiiiu
1080 3670 1151 3739 mii

129 3771 161 3828 ri
175 3763 267 3838 πάθες
281 3766 321 3833 iet'
328 3765 536 3850 ,visueveiuti
549 3768 624 3836 ausu
634 3765 775 3834 adfuistis
784 3763 979 3844 Venerisque
992 3758 1034 3840 est
1046 3755 1151 3920 θεᾶν
1190 3786 1193 3791 ·
