2460 4260
147 197 218 335 1⁸9⁶
430 230 882 310 cueroo

143 369 271 447 Eliciat
292 387 468 447 tenerum,
485 364 530 438 de
546 390 617 462 quo
634 362 731 437 Rosa
748 384 848 446 nata,
864 364 1045 452 cruorem}

145 473 218 546 Aut
237 469 321 566 pubi
339 465 544 541 admoveant
561 465 747 560 petulantia
763 467 895 538 lumina
909 467 1036 564 lychni.
1103 551 1106 557 ,

197 567 274 665 Ipsa
292 569 413 642 etiam,
429 565 526 636 fimili
545 563 691 660 genitrix
707 562 860 637 obnoxia
876 569 1001 662 culpa,
1094 571 1096 574 ’

151 667 261 744 Alma
275 667 395 740 Venus
410 680 526 735 tantos
542 680 700 758 penetrat
717 661 830 737 secuta
845 668 1034 748 tumultus,
1127 667 1171 746 80

149 763 232 842 Nec
247 764 478 838 circumvento
496 783 687 858 properans
705 760 862 859 suffragia
881 785 965 842 nato.
1032 788 1034 793 ·

150 864 333 963 Terrorem
347 860 556 960 ingeminat,
573 859 778 960 stimulisque
793 861 951 936 accendit
967 867 1095 940 amaris

1068 961 1175 1037 Anci

194 1142 242 1202 77.
261 1130 304 1188 De
322 1148 371 1206 quo
389 1126 456 1206 Rufii
469 1126 567 1200 nara]
589 1126 648 1186 Alii
668 1124 684 1183 ὲ
703 1124 836 1198 sanguine
854 1126 975 1186 Veneris
993 1124 1079 1203 ipfius
1101 1095 1178 1185 natas·

55 1227 59 1234 ·
154 1206 229 1267 rosas
243 1204 410 1265 fabulantur.
448 1205 526 1266 Vide
543 1205 720 1282 Pervigilium
740 1205 848 1262 Veneris
867 1204 936 1264 vers.
949 1220 995 1280 23.
1015 1204 1047 1262 δι
1063 1219 1133 1281 quae
1146 1201 1179 1262 acl

155 1301 224 1342 eum
238 1282 415 1358 Interpretesi
454 1280 679 1338 Anouriaus.

197 1359 243 1435 83.
261 1362 397 1436 Ancipites
404 1358 529 1439 suriae]
552 1357 656 1414 Amori
671 1354 790 1415 infensas
804 1353 947 1416 Hero‘i'das
956 1356 1021 1426 ,secl
1033 1355 1128 1417 adhuc
1141 1367 1181 1431 ta·⁴

55 1439 57 1444 ’
157 1453 227 1498 men
241 1432 416 1504 dubitantes,
435 1431 606 1492 andebeant
618 1431 721 1491 ulcisci.
758 1430 955 1516 Vinerus,

128 1519 132 1525 “
196 1512 242 1585 84.
263 1514 375 1570 Mariti.
422 1508 554 1568 Vulcani.
594 1509 701 1568 luem.
1182 1583 1185 1586 y

195 1587 242 1664 ὃς.
261 1508 396 1668 Deprenli
406 1588 566 1662 Mavorte.]
594 1585 629 1645 In
642 1587 753 1664 Gnipho
767 1586 908 1646 Ternario
916 1628 926 1658 ,
939 1584 1008 1670 vers.
1019 1601 1066 1660 η.

324 1771 388 1792 ·-·
407 1741 461 1799 Ter
472 1741 547 1799 clara
558 1740 681 1819 instantii
694 1743 743 1800 Eoi

287 1821 372 1899 Signa
386 1819 557 1897 canitserus,
570 1817 690 1897 deprenso
702 1821 817 1885 Marte,
828 1816 947 1898 sitelles·
1008 1881 1012 1887 ,

159 1973 260 2035 Martis
273 1990 289 2033 c
347 1973 462 2032 Venere
476 1946 643 2032 dormientis
655 1970 780 2047 fabulam
792 1981 884 2030 narrat
898 1970 1044 2032 Lucianus
1054 1971 1088 2032 in
1101 1969 1184 2032 Somi

159 2052 229 2119 nio,
247 2050 296 2109 seu
331 2050 396 2110 allo.
416 2048 544 2125 Quidam
552 2048 698 2126 quondam
707 2048 761 2107 fuit
769 2049 856 2107 Marti
866 2091 874 2116 ,
886 2047 953 2107 Deo
968 2048 1053 2117 belli,
1069 2048 1099 2107 iii
1114 2048 1183 2109 deli·

157 2126 212 2186 *ciis
226 2125 387 2185 adolescens
401 2125 560 2186 formosus·
588 2127 724 2194 arandae.
754 2124 799 2184 Sic
810 2124 916 2200 gallum
948 2125 1119 2185 allinaceum
1131 2143 1185 2184 vo-

160 2203 343 2262 cantGraeci.
381 2201 459 2260 Mars
473 2138 605 2278 quotidie
622 2199 658 2260 ad
671 2200 815 2262 Venerem
829 2201 923 2261 Deam
973 2201 1066 2262 ulcarii
1086 2202 1187 2277 conju-

161 2295 230 2354 gem
243 2277 333 2338 noctu
346 2276 507 2348 veniebat,
522 2278 590 2355 quia
602 2277 721 2337 timebat
734 2278 851 2347 Solem,
869 2296 907 2337 ne
920 2277 948 2338 se
961 2277 1185 2355 deprehenderet

161 2374 231 2415 cum
244 2372 294 2424 ea,
314 2357 344 2415 dc
357 2354 490 2415 Vulcano
503 2354 649 2424 nunciaret
663 2396 672 2424 ,
691 2353 896 2432 Aledryonem
909 2353 1005 2415 secum
1018 2354 1186 2415 adducebat.

162 2433 240 2493 Eum
254 2433 325 2492 foris
345 2431 382 2491 ad
401 2431 504 2492 ostium
519 2431 637 2508 jubebat
656 2429 826 2500 observare,
851 2448 942 2509 quum
955 2430 1004 2490 Sol
1013 2441 1187 2507 emergeret.

163 2510 303 2569 Ceterum
317 2508 440 2584 quadam
454 2509 540 2567 noete
551 2509 666 2568 somnus
677 2506 884 2585 Alediryonem
898 2507 1030 2585 oppreffit
1038 2530 1048 2577 ς
1068 2526 1123 2568 nec
1136 2506 1187 2567 ad·

162 2596 331 2646 'ventantem
345 2584 442 2643 Solem
455 2583 537 2643 sensit
550 2605 570 2654 ,’
579 2585 629 2661 qui
642 2584 766 2642 Martem
781 2603 848 2644 cum
862 2585 975 2645 Venere
990 2583 1186 2677 deprehendit.

162 2663 241 2722 Rem
253 2661 388 2719 Vulcano
402 2659 492 2718 statim
508 2660 701 2727 reiiunciavit;
716 2661 765 2737 qui
779 2662 897 2721 accurrit
909 2661 1048 2721 continuo
1057 2660 1186 2742 „retibus

164 2739 308 2798 adulteros
322 2734 462 2811 implicuit
476 2758 485 2802 ;
514 2738 544 2794 δε
557 2736 595 2796 fic
607 2735 718 2796 vindos
726 2765 743 2808 ,·
755 2739 855 2799 ceteris
868 2737 931 2798 Diis
950 2736 986 2800 ad
998 2735 1030 2799 id
1041 2737 1185 2816 spectatu

164 2814 226 2877 lum
239 2811 423 2882 convocatis,
442 2811 580 2882 ostendit;

364 2997 428 3018 -
446 2972 492 3046 qui
504 2967 600 3048 risere,
617 2969 712 3048 diuque
790 3018 793 3023 .
951 3018 959 3034 .

200 3054 206 3067 ¹
329 3047 389 3106 Hac
396 3046 456 3128 suit
467 3049 497 3105 in
509 3061 561 3107 toto
573 3045 698 3122 notiffima
706 3047 906 3133 fabulamini·
969 3126 971 3138 1

438 3153 447 3182 l

164 3205 198 3255 ut
210 3192 303 3255 scribit
316 3195 438 3257 Ovidius
450 3209 552 3276 quarto
565 3198 858 3277 Metamorphoseon‚
876 3195 1018 3278 verfi189.
1058 3201 1119 3263 Suo
1137 3201 1188 3263 ita·

163 3291 223 3349 que
235 3272 344 3333 satelliti
359 3275 561 3337 &excubitori
580 3277 656 3336 Mars
675 3277 796 3353 graviter
809 3279 848 3338 ob
865 3278 947 3338 istum
967 3287 1121 3339 veternum
1134 3279 1186 3338 ita·

166 3359 229 3418 tus,
249 3369 284 3409 ex
297 3351 417 3410 homine
431 3353 498 3411 fecit
511 3371 617 3424 avem,
635 3371 703 3413 cum
716 3353 795 3428 galea
810 3356 840 3414 &
853 3355 931 3415 crista
942 3353 989 3414 sua
1003 3397 1014 3428 ‚
1033 3354 1188 3432 ceterisque

187 3425 267 3483 uibus
280 3437 343 3486 tum
357 3430 514 3502 excubabat
531 3431 623 3490 armis.
649 3432 693 3489 Ex
708 3447 801 3508 eoque
816 3431 960 3490 Martiales
978 3448 1063 3500 aves,
1078 3431 1188 3500 miseri,

163 3442 287 3587 icilicet,
300 3502 376 3589 illius·
386 3505 568 3582 Aleeiryonis
579 3522 685 3582 genua,
705 3507 782 3565 avito
799 3507 927 3640 fericulo
941 3509 972 3567 &
984 3507 1070 3595 poeni
1080 3509 1187 3586 sapien·

163 3587 231 3647 tes,
252 3577 442 3652 vigilantiores
456 3582 593 3649 fuerunt,
620 3581 798 3656 diligentiore
809 3601 865 3660 que
884 3583 920 3643 ad
939 3583 1010 3644 Solis
1028 3584 1186 3646 adventum

163 3653 216 3712 diis
230 3654 362 3713 omnibus
369 3654 588 3733 hominibusque
601 3658 873 3733 praenuntiandum,
886 3660 936 3721 diu
948 3671 1014 3720 ante
1022 3661 1187 3738 quamexo·

162 3729 257 3789 iiatur.
278 3736 407 3811 Deprensa
413 3732 553 3805 martum
560 3733 671 3795 vetusto
679 3733 862 3808 Lugdunensi
873 3738 1049 3816 librozdipen
1062 3743 1187 3816 qMaru,

165 3803 224 3889 fine
237 3830 265 3885 r·
292 3809 400 3890 [Serui.
417 3827 509 3898 quun
522 3808 1038 3902 eduiliusrrulrrnlufilti
1062 3817 1187 3954 erogan-
