2460 4260
92 226 181 303 'An
204 204 471 308 v‘onouos
496 221 932 307 oouvmmuoo.
979 259 1049 336 157

103 363 178 428 Hac
191 363 278 447 Dea,
293 365 370 452 quod
381 365 485 447 tellus,
506 365 583 452 quod
594 366 704 428 mobilis
720 367 824 431 educat
836 376 904 455 adr,

83 458 86 464 '
148 445 234 532 Quod
247 471 345 531 mare,
367 449 442 536 quod
454 448 572 530 coelum,
587 449 706 512 numine
710 449 775 531 sola
787 468 878 518 creat.

100 522 184 596 Tolle
198 530 300 594 illam:
320 553 430 618 magna
435 531 586 615 fiontstne
600 532 711 595 civibus
724 535 827 598 ucles:

117 685 119 691 y
148 611 216 675 Nec
227 612 358 699 populos‚·
378 636 446 701 quos
458 635 536 677 nnnc
542 613 679 712 paffidet‚
700 613 786 678 Orbis
799 616 905 682 habete

100 692 237 760 Nomina
250 711 385 760 natorum
396 700 464 772 sunt
475 719 592 760 nomina
606 696 687 760 nulla
692 715 872 784 parentum:

144 776 272 866 Quaque
286 796 382 866 roget,
402 780 546 868 quondam
560 779 682 843 nillima
696 781 796 864 nulla5
811 781 900 848 Deos.-

62 876 64 881 '
102 859 175 928 Hoc
188 861 274 925 Duce
287 885 364 926 uuna
377 863 508 926 volucres
521 861 685 925 demulcent
697 871 767 928 alra
779 881 889 931 cantu:

145 942 191 1006 Et
205 942 287 1009 varii
305 945 412 1008 ludunt
425 943 639 1030 luxuridntque
646 946 730 1025 fera

100 1024 153 1090 llli
164 1026 255 1109 floret
266 1027 392 1090 humus:
411 1028 487 1090 ridet
490 1025 558 1107 fine
572 1027 696 1090 nubibus
709 1029 816 1094 ather:

59 1146 66 1155 ·
134 1106 282 1196 Mithue
287 1111 330 1193 fit
336 1109 477 1198 pelagus:
498 1108 643 1197 Luudque
658 1111 758 1200 So‘lque
771 1113 857 1178 redit.-

105 1189 199 1257 Dina
205 1193 261 1272 sed
272 1191 291 1256 d
296 1195 403 1279 spuma
416 1194 473 1276 esl:
494 1191 544 1256 boc
553 1193 665 1278 parcite
678 1194 752 1258 velle
765 1219 891 1284 negare:

148 1273 233 1337 Unde
237 1274 295 1352 stoi
308 1275 409 1353 menſss
422 1275 540 1337 nomina
554 1276 649 1360 Graja
662 1294 765 1344 mereto
943 1284 945 1288 ⁴

106 1355 208 1424 Marti
221 1358 272 1420 hoc
279 1358 387 1439 juncia
397 1357 516 1426 Venus.-
536 1360 683 1446 requierat
695 1383 831 1426 murmur
844 1363 969 1427 amoris:
984 1432 986 1439 ,

144 1438 472 1529 Amborumque‘ingens
485 1457 596 1536 corpore
609 1441 729 1530 languor
742 1461 816 1510 erat.

107 1517 207 1604 Quum
211 1524 308 1603 subiti
321 1522 407 1586 lellus
420 1538 552 1618 contagia
558 1522 647 1604 senfit
659 1536 832 1594 amantum:

148 1604 183 1670 V
177 1605 262 1691 quue
276 1601 310 1669 ca'
328 1621 363 1668 ut
371 1607 472 1691 prima
485 1607 580 1668 crnxit
593 1605 695 1669 honore
709 1610 784 1689 nola.

109 1687 224 1757 Sanina
240 1711 290 1751 con
298 1689 407 1775 piceres
421 1711 458 1750 ur
477 1710 524 1749 ere
537 1688 685 1751 cacumine
699 1706 828 1775 terram,

150 1768 298 1857 Molldque
310 1794 366 1834 non
380 1794 437 1833 uno
442 1710 518 1851 iore
525 1772 624 1834 nitere
629 1770 736 1850 solum.

106 1851 166 1935 Qui
184 1876 220 1916 ue
233 1855 355 1917 aderant
368 1852 459 1916 multo
471 1853 577 1929 detonfi
586 1854 697 1940 frigore
710 1856 811 1940 colles,

151 1874 301 2022 (leporum
314 1937 411 2018 densas
418 1953 474 2022 per
480 1937 557 2024 juga
569 1938 689 2018 summa
701 1962 805 2006 comas.

109 2019 213 2106 Sponte
224 2023 276 2098 sua
290 2036 368 2105 tergo
401 2017 614 2096 uafivit-vacca
624 2021 808 2104 juvencum:
926 2096 930 2102 ,

148 2102 232 2190 Aque
245 2125 325 2166 mare
340 2041 458 2186 inslanti
470 2120 565 2188 prona
577 2104 687 2186 salitur
700 2107 772 2172 ovis.

110 2181 236 2249 Foemina
248 2203 319 2250 tunc
330 2187 460 2269 primum
473 2185 609 2250 blandum
622 2191 753 2276 cognovit
764 2203 933 2254 amantem:
1048 2200 1054 2247 ἑ

134 2271 235 2333 'June
239 2270 373 2352 studium
387 2268 482 2332 cultus
492 2268 644 2357 prima'que
658 2295 729 2337 cura
741 2272 817 2356 fuit.

111 2347 195 2414 Tunc
209 2352 282 2449 elegi
297 2351 432 2437 placuere
445 2351 541 2416 leves.-
561 2355 694 2442 duraque
701 2356 807 2441 puella

147 2433 269 2520 Eloquro
283 2435 368 2496 vitta
381 2435 465 2498 mani
480 2436 581 2498 dedere
594 2459 707 2501 manus.
862 2442 867 2457 “

109 2515 286 2605 Mrataque
292 2519 384 2601 fidem
396 2519 518 2600 juvenis
525 2535 614 2606 prope
627 2519 707 2582 nolle
712 2521 857 2606 jacentis,

148 2598 292 2674 Viderunt
305 2601 412 2664 teneris
425 2601 527 2666 limina
539 2603 609 2683 fusa
622 2601 697 2682 rofio.
771 2656 776 2665 .

62 2683 69 2696 ”
110 2684 194 2747 Tunc
208 2684 306 2771 digitis
314 2705 464 2770 gemmas,
483 2700 553 2747 tuno
567 2686 682 2749 tradere
697 2687 822 2750 crinibus
837 2705 944 2750 aurum
1000 2693 1005 2699 ’
1121 2748 1124 2759 ,

153 2767 307 2853 Captum:
328 2782 399 2831 tunc
412 2784 491 2832 artes
506 2767 584 2831 mille
593 2770 682 2848 fuere
695 2770 778 2838 oriris.
797 2843 801 2849 Ι
822 2809 824 2812 <

111 2848 262 2927 Clemfint
274 2849 324 2912 hoc
336 2849 428 2935 igitur
440 2848 560 2918 Veneris
573 2866 616 2915 tot
626 2867 751 2939 tempore
764 2853 855 2935 dona,

151 2931 247 2998 Livor
260 2935 335 3016 erit,
357 2930 496 3016 menfissi
507 2932 646 3020 eripiatur
659 2934 754 2999 bonos.

59 3144 108 3214 {uae
126 3133 236 3198 omnia
251 3147 357 3200 tamen
371 3134 483 3200 deinde
505 3134 544 3199 ud
565 3133 747 3216 Naturam,
776 3153 885 3201 verum
900 3132 1046 3200 omnium

59 3217 212 3281 mitricem
226 3216 256 3281 &
271 3220 428 3283 nutricem
443 3219 595 3283 transtulit
610 3267 621 3301 ,
649 3221 701 3283 cui
722 3218 789 3300 post
804 3216 932 3300 Deum,
952 3233 1047 3300 penes

59 3320 123 3363 oem
138 3298 192 3364 stet
206 3301 252 3360 vis
284 3301 359 3362 rima
373 3299 506 3385 creandi¹
522 3300 654 3383 nascendi
667 3299 738 3366 data
751 3301 1045 3382 nnncformasecuu·
1171 3330 1174 3337 ·

59 3403 62 3436 o
69 3383 172 3464 foret,
195 3315 344 3451 subiens:

108 3537 191 3608 Pace
202 3540 258 3603 tuo*
270 3541 368 3611 llenus
382 3540 440 3608 bac
456 3567 528 3610 vera
542 3547 601 3627 elle
620 3562 656 3613 tn
667 3546 737 3624 ficia
745 3545 882 3636 partiris:

149 3621 218 3686 Hac
231 3625 302 3688 duce
316 3649 385 3690 nam
389 3629 503 3714 spumis
517 3632 639 3712 nasceris
652 3634 711 3720 ipsa
723 3635 793 3697 tuis.

59 3783 91 3861 ed
105 3784 250 3852 soleamus
266 3785 388 3871 &non
408 3808 476 3858 non
490 3804 596 3867 tamen
610 3791 775 3876 propterea
786 3784 946 3874 perdendi.
962 3779 1053 3936 gfff,
