2460 4260
169 207 244 299 194'
456 202 490 279 C
540 190 579 278 U
630 207 658 280 P
706 207 726 282 1
774 204 813 282 D
861 206 904 284 O

164 343 300 414 Cunda
317 341 561 437 exprobrantes
578 343 719 416 tolerati
736 343 878 442 insignia
892 328 976 416 lethi
986 338 1000 422 ἑ
1056 377 1059 382 ·
1133 347 1183 435 §l

165 439 382 536 Expedt'unt,
398 444 466 515 haec
481 464 572 514 arma
589 461 728 538 putant,
746 444 817 516 haec
831 445 919 515 ultio
935 440 1067 521 dulcis,

162 540 217 611 Ut
232 566 304 635 quo
321 565 461 636 quaque
477 538 584 636 perit,
600 540 732 614 studeat
749 543 870 639 punire
886 539 1058 613 dolorem.

162 640 247 713 Haec
265 645 423 737 laqueum
440 658 551 720 tenet,
568 641 637 714 haec
655 641 798 737 speciem
814 643 986 714 mucronis
1003 642 1142 713 inanem

162 739 313 836 Ingerit,
329 740 388 810 illa
405 760 509 812 cavos
527 745 664 822 amnes,
682 741 870 838 rupemque
885 739 1078 837 fragosam,

92 846 93 850 ’
160 837 342 934 Insanique
359 855 486 911 metum
501 841 665 940 pelagi&
680 841 747 915 srne
763 841 917 914 fludibus
933 863 1057 938 equor.
1084 941 1125 1013 N
1141 866 1185 934 70

1126 963 1187 1012 on·
1208 975 1210 978 ·

158 1096 341 1174 praeliminan‘
362 1099 504 1161 similiter:
524 1106 620 1163 Nauos
631 1105 730 1182 nostros
744 1107 777 1168 de
787 1105 920 1162 cicatrices
929 1122 1067 1161 amamus:
1086 1102 1189 1181 necsuli

157 1175 245 1251 tttssro
263 1182 333 1237 uitio
353 1178 463 1260 peccuffe
481 1185 609 1247 contenti,
635 1181 798 1262 adsellamus
815 1194 845 1239 ut
862 1196 992 1240 amentur.
1030 1178 1188 1238 Sculte-

158 1267 260 1310 ntus,
575 1266 577 1270 ¹

196 1332 324 1406 itidem]
349 1326 473 1389 Videtur
491 1331 703 1406 propemodum
718 1332 830 1406 Ausonii
848 1331 879 1390 in
899 1332 999 1392 animo
1019 1327 1100 1391 soille
1120 1331 1188 1390 Dia·

157 1403 256 1478 logus,
276 1424 361 1482 quem
379 1405 601 1480 Lucienus‘fingit
615 1408 690 1465 inter
701 1405 846 1477 AEacum,
863 1408 1051 1476 Menelaum,
1070 1407 1189 1468 Protesi·

156 1479 234 1538 laum
250 1483 280 1539 δί
293 1481 432 1542 Paridem.
472 1484 627 1558 Protefiluus
639 1484 725 1542 iratus
737 1483 817 1560 quod
830 1479 922 1541 ivisset
935 1485 1078 1560 Trojam,
1098 1501 1187 1544 uxore

157 1555 255 1631 paullo
270 1571 354 1617 antea
367 1559 468 1629 dudi,
487 1570 573 1636 atque
587 1559 644 1618 illie
657 1559 764 1619 occisus
778 1556 887 1628 fuisset,
901 1558 1087 1635 strangulabat
1100 1562 1132 1620 in
1144 1565 1186 1621 in·

157 1631 225 1690 fens
238 1637 382 1704 Helenum,
403 1655 469 1714 quae
485 1635 650 1695 calamitatis
662 1635 736 1694 illius
749 1635 886 1706 causa,ut
898 1638 1014 1711 putabat
1022 1679 1031 1706 ,
1039 1648 1098 1696 erat
1104 1651 1114 1706 ;·
1135 1639 1187 1698 do·

157 1725 214 1767 nec
234 1715 360 1774 monitus
378 1713 413 1773 ab
434 1718 519 1774 AEacu
537 1711 627 1789 ipsum
643 1715 791 1773 Menelaum
810 1712 1031 1789 adgrederetur;
1053 1712 1143 1790 *aquo
1157 1733 1186 1775 a·

157 1789 310 1849 mandatur
322 1791 359 1850 ad
372 1787 511 1855 Paridem,
530 1790 580 1868 qui
593 1790 732 1866 flagitium
744 1789 826 1849 sumn
839 1789 925 1848 refert
937 1788 975 1848 ad
987 1789 1151 1863 Amorem,
1169 1791 1185 1850 ‘l

157 1880 218 1942 quo
232 1867 355 1937 invitus,
374 1879 406 1927 ut
425 1871 482 1938 ait,
502 1866 540 1927 eo
553 1865 690 1927 addudus
704 1880 778 1926 erat:
799 1859 903 1942 oida3
927 1865 960 1931 eie
979 1869 1084 1926 iudaeis
1103 1869 1188 1937 asia.

155 1945 207 2011 καί
220 1965 254 2006 τις
269 1941 454 2014 suuis-datianus
470 1945 525 2014 it'yd
541 1944 598 2009 ’ἔνθα
612 1945 640 2000 ii·
659 1943 758 2026 iJr'il‘tt:
785 1944 851 2021 nosti
872 1957 981 2012 autem,
1004 1942 1101 2022 inquit
1116 1989 1126 2018 ,
1144 1947 1188 2023 esst

93 2036 98 2043 ‘
155 2021 263 2093 aliquid
279 2025 348 2100 quod
363 2026 448 2081 inniti
458 2022 587 2103 facimus,
609 2024 643 2084 dot
661 2023 744 2079 Deum
778 2025 893 2080 uemdam
906 2041 952 2079 mos
962 2041 981 2079 a
998 2024 1101 2098 erequi
1114 2027 1183 2083 uult.

157 2095 271 2166 Quibus
291 2098 410 2166 auditis,
434 2092 550 2159 dolebat
569 2097 725 2167 Protefilaus
751 2038 924 2174 gupidinem
942 2040 1034 2174 ipsam
1054 2116 1186 2178 compte·

39 2169 42 2177 “
157 2168 300 2242 hendere,
316 2173 336 2231 fi
351 2175 442 2234 modo
455 2173 590 2243 licuisset;
603 2173 651 2235 sed
663 2177 763 2232 AEacus
777 2173 898 2234 ostendit
910 2175 918 2233 i
939 2173 1001 2233 sum
1016 2173 1186 2237 fibitausam

155 2243 237 2306 fuisse
256 2251 419 2309 immaturae
441 2253 558 2319 mortis,
576 2252 626 2328 qui
648 2254 773 2327 primus,
793 2250 882 2312 nimii
899 2192 1000 2326 gsoriae
1014 2253 1186 2329 cupiditate,

156 2321 188 2381 in
198 2355 200 2358 ⁴
211 2320 373 2402 Trojanum
393 2329 485 2388 solum
500 2327 561 2417 ,gd
572 2318 690 2389 navibus
705 2329 899 2397 Graecorum,
919 2325 1027 2388 desilire
1047 2328 1190 2400 voluisset.

158 2397 242 2461 Tum
256 2405 326 2464 vero
342 2417 438 2484 captus
452 2406 606 2478 P-rotefilaus
619 2447 629 2477 ‚
649 2401 751 2464 onn'slo
764 2404 895 2474 Amore,
913 2402 985 2463 Fato
1004 2420 1067 2467 rem
1081 2407 1189 2468 tribuit.

159 2483 199 2534 Οὔ
213 2475 243 2549 93
257 2482 308 2550 ἕγὸ
331 2487 412 2542 urium
426 2485 532 2547 aium,
552 2483 618 2540 ὶλλ’
627 2483 645 2545 n'
657 2485 737 2560 faoi&
746 2485 821 2645 ‚sv'q
835 2481 863 2538 tl
884 2482 911 2557 ἒξ
924 2480 1005 2559 ἠχὴ
1019 2479 1087 2548 ἕως
1102 2485 1188 2544 ε’παεὸ

779 2581 822 2622 ut,

158 2556 299 2628 anaiades:
319 2563 412 2633 Neque
427 2565 496 2617 enim
511 2564 558 2638 egio,
571 2562 660 2618 borum
676 2559 754 2635 catefit
832 2557 886 2637 sets
895 2561 1000 2629 Parca,
1019 2563 1054 2624 d·
1082 2566 1137 2620 uod
1148 2565 1189 2619 ita

158 2637 192 2690 ab
206 2637 282 2693 initio
295 2636 413 2715 netnffet:
440 2634 697 2712 Quemadmodum
712 2637 819 2694 fatiunt
833 2633 950 2694 tandem
964 2579 1082 2698 Hermi

157 2707 293 2768 sonianae.
334 2712 560 2772 Ant-outnus.

171 2812 175 2818 ,
198 2789 244 2862 65.
264 2789 380 2846 literati
393 2790 504 2868 lenigata
517 2788 585 2866 leti]
605 2789 741 2862 Gladios,
758 2789 894 2868 laqueos,
913 2790 944 2848 δε
956 2787 1028 2861 alia,
1046 2790 1152 2870 quibus
1163 2789 1191 2851 se

158 2863 225 2942 ipsae
239 2867 447 2926 interfecerant.
486 2866 676 2926 Vmerus.

162 2965 165 2971 ·
198 2946 244 3004 66.
263 2946 439 3026 Expeadunt]
462 2943 538 3004 Haec
551 2943 741 3020 depromunt,
761 2945 792 3003 δι
805 2943 936 3004 adferunt
948 2943 1137 3005 inmedium.
1161 2943 1188 3003 1-

190 3039 246 3081 sn.
1045 3038 1048 3043 ·

159 3046 242 3177 1273.
266 3103 384 3177 Myrrha
402 3098 417 3176 ]
443 3097 539 3157 Mater
551 3094 712 3168 Adonidis,
731 3099 845 3160 decimo
859 3094 1139 3173 metamorphoseon
1156 3097 1186 3156 in

157 3181 196 3242 sui
218 3178 342 3237 nominis
361 3177 493 3236 arborem
514 3185 622 3234 murata
637 3192 644 3230 :
658 3190 738 3252 ‚quae
757 3177 910 3236 humorem
931 3171 1088 3233 luteumve
1109 3173 1189 3234 exsu-

159 3261 225 3328 dat,
239 3267 271 3316 ut
284 3255 375 3332 pinus.
401 3252 478 3312 Vide
491 3247 691 3314 Dioscoridem
701 3295 710 3322 ,
722 3253 864 3323 Plinium,
878 3249 1047 3310 Ruellium.'
1072 3248 1190 3341 Vsus-

159 3356 238 3396 uus.

198 3411 269 3470 lbid.
290 3406 473 3489 Lugentiue]
493 3407 575 3468 ¹Sunt
588 3407 711 3468 Codices
724 3409 774 3487 qui
788 3406 917 3474 servent,
931 3410 963 3464 ui
979 3407 1099 3476 entibus,
1117 3419 1187 3464 con·

157 3500 200 3551 tra
220 3487 333 3564 syllabae
354 3487 505 3545 r'a'tioneru.
550 3484 607 3544 Sed
623 3485 802 3546 scribendum
821 3483 854 3543 fit
874 3426 1011 3552 fortasse,
1038 3483 1189 3542 lucentibus.

158 3569 400 3630 Accuttsws.
442 3622 445 3627 ,

199 3647 262 3704 ibid
276 3641 287 3720 ]
314 3635 488 3717 Iamdudum
503 3637 560 3708 est,
579 3640 660 3716 quod
672 3639 879 3717 rescripseram,
897 3639 1014 3697 lacrimis
1027 3637 1189 3703 lucentibusa

126 3766 129 3776 .
159 3720 198 3782 'ad
212 3716 357 3798 myrtham
371 3713 457 3795 ipsam
467 3716 637 3793 &gemmea
650 3718 762 3779 succina
777 3719 821 3776 res
836 3716 932 3777 iciens.
956 3715 994 3772 Et
1007 3729 1086 3773 nunc
1099 3713 1190 3773 anim·

159 3799 283 3862 adverto
296 3794 328 3858 in
339 3791 551 3859 ime-nuum
568 3794 668 3861 lomim
681 3796 768 3884 seria
784 3736 882 3878 sillae
899 3787 1191 3948 tddotalseMffi

1082 2654 1113 2698 es
1126 2637 1187 2697 Au·

172 4144 178 4175 s
