2460 4260
264 234 530 317 cunct
586 233 971 320 surinus,
1055 272 1130 346 195

96 379 281 454 Nonnurtae
297 378 455 451 flammas
469 375 645 472 quatiunt,
661 376 870 473 trepidoque
887 382 1059 452 minantur

98 475 288 551 Stridentes
303 484 398 550 nullo
416 481 494 574 igne
512 475 614 553 faces.
649 475 828 549 Rescindit
847 480 1003 552 adultum

96 578 249 672 Myrrha
264 598 395 649 uterum
415 576 793 671 lacrimislugentibus,
812 582 915 674 inque
934 599 1113 676 paventem

97 677 270 750 Gemmea
286 676 419 750 fletiferi
436 678 602 766 jaculatur
622 674 754 748 succina
768 681 889 749 trunci.

96 775 269 873 Qraedam
286 777 518 873 ignoscentum
536 774 665 870 specie,
685 776 829 848 ludibria
844 777 979 850 tantbm
1073 807 1122 883 75

97 876 183 948 Sola
198 874 337 956 volunt,
356 875 458 974 stylus
474 893 512 946 ut
519 921 530 956 ,
550 880 661 948 tenuis
678 873 738 948 sub
755 879 909 951 acumine
927 880 1060 975 pundti,

1048 979 1123 1056 Eli·

96 1135 194 1212 gelum
208 1138 238 1196 in
251 1139 387 1202 Diatribis
400 1141 461 1202 suis.
489 1141 576 1209 Sunt,
590 1140 700 1218 inquit,
715 1134 828 1199 codices
842 1140 891 1216 qui
904 1140 1030 1214 servant,
1044 1149 1123 1207 latri.

97 1218 318 1291 nrisnigentibus,
334 1231 432 1279 contra
444 1219 556 1297 syllabae
570 1218 727 1276 rationem:
741 1217 789 1275 sed
802 1216 978 1276 scribendum
994 1219 1124 1294 fortaffe,

97 1294 212 1350 lacrimis
225 1296 376 1361 lucentibus,
411 1298 504 1362 Ecce,
519 1294 726 1370 conspirantem
740 1292 833 1352 habeo
849 1294 1065 1356 eruditiffimum
1081 1303 1124 1358 vi·

96 1386 181 1428 rum.⁴
207 1371 306 1448 Nuper
319 1373 389 1433 verb
408 1373 552 1433 tentabam
568 1390 603 1429 ex
616 1370 736 1445 vestigiis
747 1369 857 1446 'scriptae
877 1372 1024 1443 ledbionis,
1043 1379 1126 1434 lacri-

76 1487 80 1494 -
95 1451 146 1504 mis
160 1452 317 1524 urgentibus.
348 1451 465 1528 Myrrha
478 1450 561 1508 arbor
573 1445 745 1505 abundantii
760 1448 790 1503 &
805 1448 887 1523 copii
902 1451 1025 1587 mqrrhae
1040 1455 1069 1511 bc
1083 1455 1123 1512 la*

97 1524 249 1582 erimarum
264 1525 391 1585 adultum
407 1529 436 1584 ἃ
451 1526 601 1583 distentum
616 1536 729 1609 uterum
744 1525 848 1606 rumpit
863 1565 872 1594 ,
895 1525 926 1585 su
946 1525 1124 1611 itquemyr,

97 1598 190 1659 tham.
215 1601 338 1662 Ovidius
353 1600 627 1678 Metamorphoseon
640 1599 723 1688 libre
737 1597 792 1655 rab.
803 1615 847 1659 rx.
1217 1605 1223 1617 ’

213 1760 238 1812 C
239 1761 281 1814 ben
294 1761 398 1824 tandem
411 1755 487 1816 terrui
503 1757 634 1832 requievit
641 1751 710 1835 seffa
723 1753 826 1826 Salei,

216 1836 318 1912 Vixque
333 1837 403 1895 uteri
416 1835 543 1915 portabat
556 1853 628 1890 unas.

95 1984 137 2047 Et
148 1987 211 2065 post
225 1988 336 2066 aliquot
349 1985 460 2059 versus,
732 1962 747 1989 ⁹
954 2036 971 2067 ο

209 2142 322 2220 Jamque
330 2164 446 2222 grauem
457 2141 568 2222 crescens
579 2145 867 2226 uterumprecintterat
877 2146 972 2216 arbor,

211 2222 373 2296 Psiloraque
385 2225 509 2280 obruerat
521 2264 527 2283 ,
543 2224 680 2298 callumque
692 2226 792 2301 operire
801 2226 924 2298 parabat.

211 2301 277 2357 Nan
289 2300 352 2355 tulit
363 2301 409 2355 illa
423 2319 539 2368 moram,
551 2303 717 2376 venientique
729 2303 806 2358 abavia
822 2303 892 2375 liqna

212 2377 349 2453 Subsedit,
364 2377 497 2451 merfitque
506 2377 565 2449 fisos
578 2380 606 2432 in
619 2380 710 2433 cortice
720 2377 818 2431 uultus⁴

212 2453 280 2532 Qu
291 2472 446 2529 quamquam
460 2453 546 2529 cmifit
560 2467 661 2511 erueres
674 2473 728 2511 cum
743 2452 960 2530 corpuresenstrs‚
993 2470 1004 2489 ³

211 2527 271 2589 Flet
285 2545 385 2597 tamen,
401 2534 532 2608 &tepide
542 2546 698 2589 manantur
712 2531 807 2587 arbore
816 2544 906 2605 gutte.

215 2606 259 2683 Bsl
272 2611 353 2683 bunar
366 2612 397 2671 θ
410 2609 526 2665 lacrimis
552 2607 711 2686 stillataque
721 2611 813 2666 cortice
826 2608 936 2681 myrrha

211 2688 313 2743 Nomen
325 2686 405 2744 herile
419 2699 504 2751 tenet,
524 2688 642 2762 nullaque
655 2689 784 2745 tacebitur
797 2704 856 2742 auu.
878 2685 933 2742 &c

213 2765 272 2820 Dat
276 2766 391 2839 gemitus
402 2765 499 2828 arbor,
519 2761 684 2842 lacrimisque
695 2765 843 2823 cadentibus
855 2764 949 2819 humet.
1008 2820 1011 2830 ,

99 2911 187 2988 Legit
199 2915 276 2992 apud
288 2914 449 2975 Ausonium
464 2914 507 2973 Cl.
522 2915 691 2985 Salmasius,
717 2921 831 2976 lacrimis
843 2920 998 2994 ingentibus.
1037 2912 1074 2971 Et
1092 2912 1124 2972 in

98 2989 215 3064 epistola
226 2991 273 3051 sua
286 2992 322 3052 ad
335 3010 383 3050 me
395 2994 453 3056 hoc
467 2992 609 3055 eruditum
628 2992 757 3052 scholion
771 2994 897 3052 adrexit:
919 2993 1003 3051 Filius
1018 2990 1124 3050 medici

97 3084 160 3125 non
172 3070 268 3145 potuit
279 3072 409 3144 ignorare
422 3071 481 3129 duo
495 3065 549 3126 elie
562 3069 687 3145 myrthae
704 3087 816 3144 genera.
844 3071 943 3129 Unum
960 3067 1123 3143 alffinus,

97 3144 219 3205 alterum
234 3145 408 3225 aseqq'cuner.
439 3145 512 3205 illud
524 3145 612 3220 glebis
625 3147 801 3222 ingentibus,
816 3148 872 3206 hoc
881 3148 1061 3213 minoribns,
1076 3163 1126 3202 cu·

50 3262 53 3277 ,
85 3234 88 3238 ’
93 3218 142 3297 jus
156 3224 289 3283 meminit
302 3222 493 3284 Dioscorides.
511 3223 551 3280 At
559 3222 676 3300 Myrrha
688 3225 737 3283 hic
751 3241 821 3300 quae·
830 3226 956 3284 lacrimas
971 3223 1028 3282 suas
1042 3224 1071 3279 in
1085 3223 1125 3278 ia-

97 3296 197 3375 pidem
211 3301 388 3376 congelatas,
408 3319 473 3378 quae
485 3299 596 3360 succina
608 3318 740 3377 gemmea
753 3302 802 3361 hic
817 3317 900 3361 vocat
914 3301 1073 3367 Ausonius,
1092 3298 1124 3356 in

97 3375 274 3452 Cupidinem
289 3390 347 3436 erat
361 3379 537 3455 jacirlatura,
555 3379 750 3455 grandioribus
763 3383 848 3455 guttis
862 3377 1031 3455 praeoptavit
1045 3374 1125 3433 ruda-

78 3526 82 3532 ι
98 3453 345 3530 te,utplusmali,
359 3475 426 3516 nem
448 3473 480 3524 e,
495 3455 875 3534 facerentcupidini‚quam
891 3455 910 3512 fi
925 3472 1021 3531 parvas
1037 3457 1064 3511 &
1080 3476 1125 3516 nr-

98 3527 237 3606 cqubaue
253 3531 405 3608 jaculatae
428 3516 471 3592 eti
503 3533 575 3596 Ideo
590 3533 666 3594 certe
679 3548 791 3594 uterum
810 3534 914 3593 laxavit
931 3530 1124 3609 grandioribus

98 3603 239 3677 lacrimis,
255 3612 305 3672 wie
319 3608 479 3687 diffinere
486 3654 497 3685 ,
510 3614 576 3692 quia
588 3613 631 3672 his
644 3614 709 3672 vice
721 3612 999 3686 saxorumimpetere
1012 3607 1125 3683 parabat

98 3680 283 3767 Cupidinem.
323 3686 397 3746 Haec
410 3689 467 3749 ille.
505 3694 603 3768 Quare
616 3703 728 3768 tempus
743 3691 780 3751 est
802 3703 830 3746 ut
849 3686 931 3762 hujus
946 3682 1126 3745 emendatio.

96 3774 163 3832 urs,
182 3762 213 3824 bc
224 3763 345 3827 tristium
358 3764 530 3844 ineptiarum
543 3767 711 3838 desinamus.
732 3768 999 3851 ,Scriverius
1015 3785 1018 3791 ·

761 3918 856 4018 iria,x
971 3884 976 3893 ¹
1030 3917 1179 3989 nunni
