2460 4260
189 185 270 263 ιι)
294 177 559 262 vannius
584 176 1018 302 runvmruuu.
1058 208 1122 275 ψ

106 523 110 529 .
332 473 899 566 summunlu

95 664 1117 802 PARAPHRASH

561 909 665 986 ET

185 1091 1028 1199 CONCATENATIO.

96 1321 247 1481 QUod
267 1330 301 1394 iu
321 1329 468 1412 adparatu
482 1325 614 1409 nuptiali
628 1320 882 1408 Magnificorum
895 1322 1052 1391 observari
1066 1330 1119 1394 so·

165 1413 225 1492 let,
246 1427 282 1476 ut
302 1413 446 1495 reparatis
468 1409 498 1474 dr
521 1408 697 1474 emundatis
724 1408 830 1474 denuo
852 1409 992 1491 adibus,
1014 1414 1119 1492 praeei·

93 1495 235 1559 uentibus
260 1495 508 1561 &invitantibus
530 1491 682 1570 Musiris,
702 1492 872 1575 hospitibus
894 1495 1041 1559 omnibus
1057 1501 1121 1560 ele·

94 1573 201 1660 gauter
223 1581 337 1643 comtis
360 1579 390 1643 dt
419 1576 560 1656 vellitis,
580 1595 617 1638 ac
640 1574 722 1654 quafi
744 1575 1048 1656 rejuvenescentibus
1063 1595 1117 1644 aut

94 1662 225 1741 renatis,
246 1662 377 1742 sponsus
391 1663 516 1738 amica,
537 1658 604 1740 post
618 1654 701 1720 faita
707 1657 775 1738 jam
788 1658 960 1739 sponsalia,
981 1679 1118 1725 concor-

94 1742 187 1823 dans,
209 1762 284 1807 cum
305 1744 416 1808 eidem
436 1743 558 1823 nuptias
580 1742 752 1805 sollemnes
766 1741 920 1822 instituat,
942 1756 1036 1823 atque
1052 1746 1117 1808 haec

93 1824 155 1906 ipsa
169 1826 257 1907 paffls
273 1828 303 1890 dt
320 1828 469 1912 stagnanti
485 1825 640 1890 stillicidio
655 1823 782 1905 perfusus
797 1825 918 1906 capillis
933 1826 1048 1888 marito
1066 1827 1117 1892 fu-

93 1921 164 1972 turo
196 1911 323 1974 obviam
351 1913 429 1975 fiat:
458 1908 541 1973 lllud
569 1921 712 1989 ternpore
738 1927 837 1972 verno
867 1921 953 1972 totus
977 1909 1116 1975 mundus

92 1992 215 2074 nuptias
239 1995 396 2057 celebrans
417 1993 566 2057 imitatur.
616 1988 772 2055 Palatium
792 1990 883 2072 suprd
906 1989 1049 2072 infrdque
1069 1994 1118 2057 in·

89 2090 227 2140 novatur
242 2073 253 2155 ,’
281 2077 393 2140 alitum
419 2093 516 2158 genus
534 2072 675 2138 fidicines
687 2074 776 2158 agit,
803 2075 881 2139 nihil
894 2092 963 2139 non
981 2076 1117 2141 renasci·

90 2173 141 2222 tur
165 2159 248 2239 quasi
273 2158 312 2224 δι-
326 2161 359 2223 in
373 2177 520 2222 amorum
535 2155 742 2222 concordium
757 2157 883 2240 ipsaque
898 2156 978 2222 adeo
992 2178 1118 2226 connu-

88 2241 139 2305 bia
164 2243 341 2306 luxuriante
360 2242 512 2324 capillitio
530 2241 661 2322 proruit.
685 2239 758 2304 'Ut
778 2246 829 2305 vel
843 2243 909 2324 ipsa
923 2262 1030 2306 rerum
1043 2240 1115 2309 Na·

88 2339 161 2388 tura
181 2339 282 2389 mater
300 2344 412 2388 omnes
434 2342 529 2404 atque
553 2323 691 2407 fingulos
712 2322 853 2389 videatur
868 2327 1058 2406 inclamare,
1078 2341 1115 2394 ut

86 2408 248 2488 quisquis,
269 2408 329 2473 seu·
339 2407 449 2472 amitit
465 2424 620 2486 umquam
627 2403 732 2488 prius,
746 2405 799 2468 seu
807 2425 872 2469 non
880 2405 1009 2486 ambit,
1024 2426 1115 2474 amo·

86 2510 159 2554 rem
180 2511 246 2555 non
268 2493 322 2555 nih
350 2508 451 2555 unum
471 2490 601 2554 forsitan
627 2488 714 2552 diem
739 2489 940 2570 procrastinet
968 2494 1114 2572 amplius.

85 2569 205 2675 quue
219 2574 348 2682 minuis,
369 2573 446 2636 cum
467 2574 551 2637 circa
572 2575 634 2636 hoc
654 2584 779 2652 tempus
792 2571 896 2636 videar
912 2573 1008 2672 ipsam
1028 2574 1115 2638 nisan

83 2683 194 2804 sistis
209 2654 1115 2824 filulisfl‘ltsuisihsstllfflsellidhuh

83 2823 285 2906 complicatis
300 2823 430 2905 flagellis
444 2819 615 2902 mamille,
638 2820 669 2884 dr
684 2824 858 2886 thalamum
870 2825 953 2903 quah
969 2824 1115 2890 obscura·

84 2921 160 2970 tura
183 2903 370 2986 interiisse,
393 2919 429 2969 ut
449 2908 499 2968 vel
517 2903 587 2986 ipsae
603 2923 733 2985 quoque
746 2905 950 2987 conjugalem
963 2911 1113 2987 copulam

84 2990 179 3053 nobis
200 2991 363 3054 infinuent.
403 2987 512 3068 Quem
526 2985 600 3051 sani
616 3005 685 3049 non
698 2986 787 3069 poffrt
801 3006 868 3051 non
877 2985 964 3052 Diva
976 2991 1032 3053 illa
1046 2991 1112 3054 πάι-

83 3070 177 3143 «lauov
190 3074 334 3137 omnibus
350 3072 454 3136 modis
469 3088 683 3152 promovere,
704 3069 781 3134 cuim
796 3069 861 3151 ipsa
880 3073 940 3135 toti
954 3073 1027 3138 huic
1042 3079 1113 3141 uni·

83 3158 178 3220 verso
193 3177 214 3234 ‚·
225 3176 283 3218 eeu
296 3156 403 3240 regina
416 3155 586 3218 altithrona
600 3154 755 3233 imperet,
775 3169 868 3234 atque
888 3155 994 3221 litibus
1014 3158 1112 3224 odiis-

84 3258 147 3317 que
162 3238 448 3311 resciffis-amorem
461 3235 678 3318 ampliandum
692 3237 929 3317 quibuscunque
945 3239 1107 3326 injungat,

85 3321 223 3404 &paria
240 3324 372 3406 -smgula
398 3321 528 3401 ipsamet
557 3319 743 3396 combinet‚
771 3316 820 3384 rei
850 3320 967 3386 adunet
994 3323 1110 3390 veritis.

86 3405 358 3487 Quandoquidem
381 3424 440 3468 nec
463 3405 552 3467 aliter
576 3405 632 3466 illa
644 3402 708 3484 ipsa
721 3401 808 3466 Diva
821 3403 916 3468 fuerit
930 3422 1110 3492 procreata,

85 3488 184 3567 quim
203 3489 290 3569 quod
309 3489 459 3569 temperie
479 3485 575 3552 verni
597 3486 662 3569 ipsa
682 3491 768 3550 coelo
784 3486 926 3568 dejesta,
947 3491 1025 3554 mari
1048 3491 1112 3556 edi·

86 3586 144 3650 ta‚
164 3572 368 3653 fludiibuisque
390 3570 447 3648 (ut
464 3567 592 3656 quuitur
613 3567 754 3654 Apulejas
772 3568 883 3652 siha.)
898 3573 941 3637 >fit
962 3575 1110 3655 educata,

87 3656 150 3718 hoc
162 3656 204 3720 est
221 3705 231 3736 ,
251 3661 289 3722 ab
303 3658 397 3739 igneo
413 3653 539 3718 seminis
552 3655 686 3738 vigore,
708 3652 969 3736 &spirituosrtate
988 3657 1113 3722 mascu-

87 3735 144 3820 li,
165 3746 259 3822 atque
278 3734 424 3804 humeffl
447 3735 789 3883 spumosaqueKnuturd
810 3737 916 3822 surgat
939 3737 1059 3836 salacia⁸
1081 3741 1112 3804 δι

568 3860 574 3877 1
705 3839 728 3903 4
998 3841 1118 3887 coeun-
