2460 4260
161 214 232 291 ns
256 163 458 319 curru.
483 215 685 297 ouucr
710 163 1017 297 rnrrxun.
1043 239 1113 311 205

133 345 205 435 [At
219 371 286 416 non
299 351 376 418 dicit
395 350 533 433 Ausonius
545 353 576 423 al
590 354 650 420 else
662 355 757 435 fhlelm
774 361 928 441 tragicum
942 357 1116 444 gemitum,

91 437 165 501 satis
179 435 220 500 est
236 451 270 500 ut
286 434 392 501 reveri
402 439 436 502 fit
446 443 525 505 inter
536 441 680 526 gemendi
697 439 1120 525 interjeeiiones,apudTra-

91 522 191 606 gicos.
226 517 509 609 Auonrnus]
591 541 594 549 ·
739 533 742 539 ’

135 623 318 708 Sequuntur
334 628 365 691 hi
380 629 487 694 versus
503 629 654 696 continui
670 607 763 696 serie:

197 740 306 806 Omnia
319 764 382 829 que
396 743 523 806 lacrimis
538 744 579 818 δ’
593 746 737 813 amoribus
749 747 842 810 aneia
856 740 958 829 mustis

199 825 352 890 Exercent
366 844 523 911 memores,
545 828 623 914 obieci
629 830 697 911 jam
710 845 818 909 morte,
839 830 964 895 dolores:

201 909 316 991 Rursus
329 910 361 971 in
373 909 509 992 amiſjum
523 926 660 975 revocant
672 911 816 977 Heroides
829 930 934 978 evum.

199 990 362 1056 Fulmineos
376 993 487 1057 Semele
501 996 560 1060 dte.

139 1105 319 1178 Neminem
341 1115 400 1179 hos
415 1113 546 1195 versus,.
561 1129 596 1179 ut
617 1115 649 1178 in
670 1112 817 1179 omnibus
832 1112 922 1177 editis
937 1107 1068 1178 diuinet
1090 1108 1119 1174 dt

96 1198 245 1278 concepti
260 1198 317 1261 hac
332 1196 412 1262 facie
426 1197 522 1278 sunt,
544 1198 719 1283 intelligere
738 1219 771 1261 re
791 1197 854 1280 ipsa
868 1196 920 1260 est.
962 1195 1017 1260 An
1031 1196 1121 1276 flores

97 1282 185 1344 enim
200 1293 337 1340 exercent
350 1297 488 1342 memores
500 1278 625 1343 dolores?
643 1281 703 1346 'An
713 1280 802 1361 flores
815 1279 904 1360 moejlr'
916 1279 1010 1344 sunt?
1029 1277 1071 1344 Et
1086 1294 1122 1341 ut

98 1365 162 1427 hoc
181 1363 309 1443 demus,
324 1382 364 1428 au
379 1362 478 1443 Aiax,
493 1363 674 1447 Narcillus,
690 1362 832 1446 Adonis,
847 1362 1044 1444 Hyacinthus
1060 1359 1124 1423 He-

99 1444 199 1508 roidas
214 1445 533 1527 revocantinamiffiem
540 1448 655 1509 evum?
678 1448 766 1513 Purae
778 1449 899 1529 ineptiae
908 1444 1128 1511 Libratiotum

98 1529 191 1611 sunt,
206 1533 277 1611 qul3
292 1545 326 1594 ut
342 1547 513 1613 propagent
525 1531 666 1610 Scripta,
681 1532 719 1595 de
735 1528 898 1616 intellectu
914 1533 946 1594 in
957 1547 1124 1612 utramque

100 1630 212 1679 aurem
225 1614 399 1679 dormiunt.
430 1606 518 1699 Lege
533 1613 563 1678 dr
579 1614 746 1697 distingue:

178 1701 180 1720 ¹
208 1727 316 1791 Omnia
330 1726 412 1816 (quai
426 1717 552 1793 lacrimis
565 1714 606 1802 &³
620 1729 765 1792 amoribus
778 1727 870 1791 anxia
882 1729 972 1809 mesti

98 1833 102 1837 ·
207 1811 359 1880 Exercent
372 1833 527 1896 memores,
549 1813 698 1896 obitdjum
712 1828 820 1893 morte,
835 1810 979 1894 dolores.)-

207 1895 319 1978 Rursus
331 1897 363 1958 iu
376 1894 509 1978 amiffum
522 1912 660 1961 revocant
671 1895 816 1961 Heroides
829 1917 934 1963 avum.

101 2012 302 2094 Omniailla‚
318 2018 377 2097 ait,
390 2015 547 2080 Heroides
563 2018 594 2080 in
609 2017 753 2081 amissum
765 2037 866 2083 aevum
874 2029 1041 2097 revocant,
1057 2034 1125 2081 non

102 2115 210 2165 tamen
220 2101 374 2180 omnino,
388 2101 440 2164 sed
450 2115 602 2179 quatenus
616 2101 726 2165 moesta
739 2101 809 2166 suut
823 2103 852 2166 ἃ
866 2103 1013 2166 dolorem
1027 2102 1134 2164 etiam
1153 2147 1154 2152 η

104 2185 173 2267 post
187 2185 250 2248 fata
264 2183 421 2249 testantur.
451 2185 525 2247 Hoc
539 2200 762 2266 argumentum
774 2186 833 2250 fuit
848 2186 990 2269 pieturae;
1006 2185 1127 2249 Heroi-

104 2269 160 2334 des
175 2268 301 2334 reddita
313 2268 502 2354 imaginariae
514 2267 601 2346 vita,
618 2269 651 2330 lu
666 2269 800 2334 obscuro
816 2273 955 2351 quodam
971 2275 1064 2346 loco;
1079 2268 1126 2331 his

104 2355 260 2419 accedunt
274 2353 422 2417 Heroum
435 2354 565 2416 nomine
574 2353 683 2432 flores,
698 2366 851 2431 quatenus
861 2368 1004 2417 exercent
1020 2356 1128 2432 planc-

106 2437 304 2517 tum„etiam
317 2437 384 2518 post
399 2437 521 2501 obitum
536 2435 656 2519 fatumg
689 2433 741 2498 Sic
758 2437 867 2498 omnio
882 2441 982 2517 plana.
1020 2431 1128 2503 Omnia

106 2539 171 2603 que
186 2521 291 2585 nescio
305 2538 346 2583 an
361 2523 440 2585 tueri
455 2520 566 2602 pollis,
588 2519 706 2582 tametsi
722 2519 755 2582 fit
771 2521 950 2601 complexio
965 2514 1020 2581 Vir
1039 2515 1083 2576 ilii
1097 2516 1129 2578 in

88 2658 91 2664 .
106 2601 283 2751 suavitffima
297 2601 364 2668 Ciri
379 2605 497 2669 ufitata.
527 2602 588 2669 Sed
603 2602 682 2666 illud
697 2605 833 2667 alterum
848 2603 945 2689 magis
955 2621 991 2665 ex
1008 2538 1130 2686 (luten-¹

106 2687 180 2751 tiae
208 2736 215 2750 .

152 2769 260 2851 [Illud
274 2774 408 2837 alterum
422 2771 464 2836 est
478 2768 637 2852 frigidum.
662 2765 776 2834 Sensus
785 2769 826 2834 est
838 2767 928 2848 ,lethi
936 2781 1130 2854 argumenta,

110 2852 254 2936 delores,
270 2858 391 2936 inquos
407 2855 547 2936 infelices
557 2853 679 2916 Heroie's
695 2856 806 2917 mutati
822 2853 964 2933 fuerant,
978 2854 1012 2916 dr·
1022 2853 1132 2915 omnia

108 2956 178 3018 quae
193 2939 328 3002 lacrimis
344 2938 546 3002 &amoribus
563 2937 653 2998 anxia
663 2951 807 3000 exercent
824 2955 979 3000 memores
990 2936 1129 3012 dolores,

109 3023 207 3085 etiam
221 3021 304 3086 obito
322 3037 442 3101 morte,
455 3018 618 3085 revocasse
634 3018 790 3083 Heroides
807 3020 837 3082 in
853 3019 964 3083 amillae
978 3022 1046 3082 vitae
1061 3038 1129 3082 me-

90 3139 93 3144 ·
109 3107 256 3252 tRorlam.
300 3104 361 3169 Sed
375 3124 487 3270 Herum
502 3103 561 3186 est,
578 3098 661 3167 male
677 3100 892 3184 interpunuos
908 3099 995 3168 fuiffe
1011 3103 1130 3168 versus.

149 3205 369 3255 uotiuum.

152 3287 257 3371 Mox,
275 3290 385 3357 eadem
400 3291 493 3360 serie:
540 3340 544 3346 -

195 3402 357 3469 Fulmineos
368 3403 479 3467 Semele
492 3403 610 3550 dareque
618 3419 763 3490 puerpera
771 3385 877 3488 portur

195 3486 317 3569 Deflet,
338 3488 379 3564 ll?
400 3489 542 3572 ambustas
566 3502 669 3570 utera,
686 3505 740 3574 per
755 3486 857 3548 inania
871 3503 961 3548 cunas
1015 3527 1017 3532 .

193 3571 326 3642 Ventilet
339 3570 620 3660 ignavumfimulan'
627 3570 766 3654 fulminis
779 3571 885 3657 ignem.

112 3686 236 3755 Omnia
249 3690 358 3776 nuova
372 3692 402 3756 u
408 3687 568 3772 finolam,
577 3695 650 3774 qula
663 3691 782 3775 pruna
796 3692 828 3754 in
843 3687 1137 3769 a‘e'riscampiserat‚

112 3792 182 3844 non
195 3789 266 3842 toto
285 3775 406 3843 lumine
418 3775 563 3844 videnda.
583 3775 619 3844 ri
635 3773 729 3840 latera
749 3771 824 3841 licet
839 3775 873 3840 in
888 3771 1036 3842 omnibus
1051 3769 1136 3833 libris

151 3895 153 3902 x
1037 3871 1145 3936 repet·-
