2414 4254
132 155 215 284 A'n
239 203 506 283 visuntus
531 156 968 286 rnnvrorntun.
1024 238 1068 309 93

67 347 115 408 im
128 345 280 426 scriptum
299 343 426 408 exstaret
441 358 503 407 vet.
520 341 591 406 cod.
610 339 810 425 perviclanda.
854 343 945 411 Nam
965 349 1066 424 asyam

85 428 253 510 βιγλιίτορφς
269 426 391 492 Graecia
406 438 532 508 quoque
545 445 672 504 recens,
687 426 900 508 dubioprocnl
916 428 1063 520 dlligliis,

83 509 284 597 ngatoribus
298 531 355 594 pro
370 510 494 596 Vigiliis
509 510 629 574 suxerat
645 507 849 574 destruxerat.
893 513 970 591 lnde
987 517 1063 603 ergo

74 591 269 678 perviglare,
290 614 347 677 pro
361 591 565 694 pervigilare,
592 591 677 672 quod
695 589 795 656 adrisit
810 595 905 658 etiam
920 598 1059 666 Witzio.

67 693 154 759 ‚tque
169 678 344 741 etiamnum
366 676 460 740 hodie
482 675 615 752 Senenses
634 688 751 738 vocant
770 673 897 760 Veglie‚
926 683 990 749 hoc
1002 685 1062 768 est,

67 762 230 847 ervigilia‚
252 756 576 845 congregationem&
591 756 815 823 adunationem
834 760 945 844 illam,
967 786 1063 848 quam

67 845 176 908 iberno
199 857 341 925 ternpore
354 843 412 905 viri
430 841 630 919 foeminaeque
644 843 683 904 ad
696 845 893 923 voluptatem
907 845 1064 914 &recrea-

67 946 168 991 onem
178 925 332 991 instituere
344 925 411 1007 post
428 943 555 988 coenam
568 923 681 986 solent.
701 921 1063 1004 VideThesaurumtrium
1111 995 1114 999 ,

67 1029 222 1092 ngurarum.
252 1005 393 1072 Tametfi
410 1009 487 1093 nihii
504 1005 670 1087 impediat,
685 1005 751 1086 qud)
765 1007 869 1073 minus
887 1012 1065 1098 pervigilan-

67 1113 84 1150 a
98 1091 241 1174 expressrs
256 1089 404 1155 omnibus
419 1089 514 1152 literis
532 1087 585 1154 hic
598 1088 747 1154 scribatur
762 1109 771 1154 :
796 1110 854 1157 ceu
870 1085 989 1156 Tacitus
998 1113 1067 1179 per·

67 1172 203 1319 {gisano
225 1174 376 1274 convivio
398 1171 526 1238 nostem
550 1188 597 1256 13.
613 1167 724 1275 Anaali
743 1172 871 1241 dixerat.
915 1175 1065 1246 Similiter

91 1277 258 1319 amimam?

169 1414 264 1497 Hasta
278 1411 349 1476 cluit
363 1410 483 1481 Wneris
492 1409 625 1500 pervigil
636 1413 780 1499 obsequiis.

67 1574 94 1640 Et
107 1573 247 1639 Galienus
258 1572 422 1671 imperatae
433 1572 587 1653 ejusmodi
602 1573 737 1638 Veneris
752 1573 968 1661 Pannychium
981 1583 1066 1669 hagi-

67 1679 137 1757 am,
160 1661 291 1742 lychnos
307 1659 489 1741 pervrgtlare
501 1659 622 1720 voluit:

131 1816 264 1896 Ludite,
279 1813 336 1894 sed
346 1809 550 1898 vigiles‘nolite
564 1809 745 1900 exstinguere
759 1810 888 1899 lychnos:
945 1854 947 1860 ,
1021 1860 1025 1867 -

80 1977 86 1986 .
129 1902 238 1966 Omnia
252 1895 333 1961 nocie
346 1896 459 1959 vident.
488 1892 549 1958 Nil
561 1916 625 1957 cras
637 1893 792 1959 meminere
805 1895 938 1962 lucerne.
1052 1942 1054 1951 .

474 2081 572 2162 Vers.
586 2099 645 2188 46.

108 2260 226 2354 Regnet
241 2261 275 2328 in
280 2257 376 2352 stlatis
392 2258 515 2330 Dione,
530 2271 565 2325 tu
581 2255 680 2328 recede
694 2203 829 2352 Delia]

98 2434 231 2500 Videtur
248 2435 312 2498 hac
325 2433 532 2498 cantiunculae
547 2429 652 2510 illius,
665 2444 847 2512 quie-totam
861 2431 989 2498 nodem
1001 2430 1069 2519 'per-

69 2517 196 2600 strepuit,
210 2516 299 2581 fuisse
308 2517 672 2597 primariaportiuncula:
695 2515 788 2598 Quasi
803 2533 870 2578 non
878 2514 990 2581 Diana
1003 2510 1070 2584 a'n't-

67 2602 134 2680 plitis
150 2648 160 2680 ‚
189 2600 242 2666 sed
257 2599 365 2665 Dione
379 2601 488 2665 debeat
505 2597 583 2663 lucis
598 2597 776 2680 hujusmodi
790 2597 929 2682 praesse,
950 2601 980 2665 dt
1001 2604 1070 2668 sola

67 2684 127 2749 inibi
143 2685 177 2748 in
192 2683 526 2766 posterumldominari.
547 2681 740 2763 Quanquam
751 2678 844 2766 sopri
856 2697 927 2766 pag.
943 2703 993 2770 49.
1017 2705 1067 2751 to·

67 2781 124 2833 tntn
138 2769 201 2830 hoc
215 2774 342 2844 carmen
355 2767 590 2845 bacchantium,
612 2765 641 2830 ὅ(
656 2765 694 2830 ad
714 2767 874 2846 rythmum
887 2769 1068 2836 saltantium

67 2867 121 2914 non
135 2850 261 2933 prorsus
276 2850 491 2936 negaverimus
504 2847 593 2915 fuiffe
608 2850 807 2916 cantilenam.
898 2908 902 2913 .

468 3058 567 3135 Veri.
580 3086 640 3162 47.

108 3227 186 3298 Cras
208 3224 318 3306 ames,
344 3229 400 3324 qui
421 3249 590 3326 numquam
612 3223 762 3320 amavit}
786 3230 898 3326 quique
921 3226 1073 3320 amauitss

203 3349 272 3395 cras
285 3345 376 3398 amet.

89 3497 205 3584 Licin,
218 3498 354 3581 scilicet,
369 3515 404 3567 ut
416 3504 549 3586 explicat
558 3494 661 3565 Tobias
666 3499 807 3589 Magirur
813 3501 844 3565 in
851 3458 1073 3586 Polymnemoae

67 3578 132 3663 [qui
155 3582 303 3649 undecies
326 3587 411 3650 hunc
437 3587 653 3651 intercalarem
675 3587 843 3671 repetitum
861 3588 925 3672 ipse
945 3601 1073 3666 quoque
1142 3598 1146 3602 ’

67 3668 199 3747 notavit,
214 3666 244 3729 ἀ
259 3666 481 3750 adprobavitz)
504 3671 590 3752 quod
606 3669 635 3734 u
650 3671 752 3752 ipsum
764 3672 896 3736 verbum
915 3685 1013 3728 amare
1027 3667 1075 3744 in7

67 3750 169 3816 (olvit.
212 3746 362 3816 Multum
375 3753 461 3824 enim
475 3754 615 3837 interest,
637 3770 744 3820 utrum
755 3751 859 3819 Amor
872 3747 1078 3897 coelefflsdldn

1068 3932 1153 4006 „A
