2460 4260
124 185 210 263 AD
236 184 501 263 VENERIS
528 186 956 270 PERVIGILIUM.
1001 220 1066 292 155
1089 129 1092 138 Ι

63 337 143 406 tque
163 326 311 392 omnium
333 326 448 392 nutrici
469 347 522 410 per
542 328 717 410 nuptialem
735 328 877 396 soecundi
892 332 999 396 imbris
1012 353 1070 397 co·

64 414 155 474 ulam
176 410 344 492 incubans,
366 429 414 493 res
436 424 553 476 creatas
569 430 706 492 omnes,
728 433 786 478 ceu
803 410 901 479 soetils
915 414 988 479 suos
1003 418 1071 481 ani·

63 509 134 572 net,
157 492 188 558 δι
208 509 331 639 vegetet
352 508 445 575 atque
464 496 598 576 foveat,
619 494 840 561 &conservet
884 497 1071 565 Considera-

63 595 155 640 urum
168 596 242 658 potr
278 579 453 665 genuinum
466 592 659 659 amatorem,
681 580 846 660 quomodo
864 581 919 646 illa
932 581 1072 663 ipsaVe-

63 679 103 725 ‚us
126 679 187 723 ceu
210 662 436 740 procreationis
455 663 617 746 princeps,
638 678 780 728 mentem
794 665 893 745 ipsam
906 671 958 728 πᾶν
972 665 1072 754 abigor

63 744 260 826 etvagantis,
282 746 313 810 dt
327 761 508 812 commeatu
522 746 580 811 suo
598 745 774 811 instruentis
789 745 935 830 spiritus,
957 765 1071 829 poten·

63 825 152 891 iffirni
181 827 292 909 sceptri
313 829 383 909 sui,
411 850 479 896 non
505 828 605 894 cuivis
626 827 786 911 perspel‘lis
807 831 979 900 rationibus
999 854 1073 901 mo-

63 907 174 974 leretur
192 932 200 976 :
221 910 319 977 itaut
339 914 416 978 nihil
438 913 550 982 necin
571 913 665 992 ae're,
693 930 752 977 nec
772 913 806 977 in
828 915 942 999 tetris,
969 937 1074 1000 neque

63 991 189 1074 'ubjedlo
213 994 345 1062 inmari
368 995 630 1080 deprehendatur,
652 994 737 1077 quod
761 995 998 1074 noneademvi
1012 1003 1073 1067 im·

63 1090 158 1145 utum
173 1075 284 1159 obrit,
308 1099 374 1159 quo
395 1078 489 1163 pado
513 1077 661 1144 coitionis
683 1079 769 1144 illius
790 1082 937 1161 nuptialis
961 1096 1072 1151 tenore

63 1177 199 1241 prpetuo
221 1176 327 1228 totum
349 1165 434 1227 hune
453 1161 626 1242 mundum,
643 1164 743 1243 'atque
757 1163 867 1228 omnia
880 1162 986 1230 secula
1000 1188 1073 1250 pro·

63 1261 157 1329 agate
179 1245 297 1310 debeat.
340 1245 416 1311 Hoc
426 1245 496 1327 jam
509 1245 738 1327 premeditatus
757 1247 792 1310 in
811 1246 1072 1315 crastinumdeli·

63 1341 152 1394 erato
174 1329 282 1392 animo
304 1328 343 1392 ad
362 1347 506 1394 amorem
528 1345 689 1395 maturum
702 1326 845 1394 festinare
858 1332 990 1413 aliquis,
1010 1353 1072 1400 nec

63 1412 326 1492 ompetendinare
349 1413 591 1477 matrimonium
612 1410 745 1493 amplius
770 1417 909 1496 poterit,
937 1434 1070 1502 gnarus,

63 1493 67 1556 l
84 1494 198 1558 liberos
223 1495 297 1560 inde
310 1499 424 1562 tollere
439 1497 565 1576 debeat,
586 1493 773 1575 Naturam,
794 1496 847 1561 seu
862 1496 941 1562 adeo
961 1499 1071 1566 Vene-

63 1572 227 1643 em'illam
242 1580 407 1644 nominare
421 1581 510 1644 malit
525 1626 535 1659 ,
557 1581 650 1659 illos,
671 1597 730 1641 ceu
744 1593 875 1660 nepotes
889 1580 962 1644 suos
977 1584 1071 1648 alitu-

63 1679 140 1741 am,
173 1661 203 1727 dt
231 1666 282 1728 vel
309 1663 446 1728 coloniis
469 1681 596 1744 quoque
618 1657 718 1727 dubiis
739 1660 821 1736 alibi,
832 1661 1072 1733 sustentaturum

63 1742 235 1820 ise3'ficuti
257 1744 360 1827 Troja
384 1744 584 1811 concremata
608 1743 638 1809 dt
660 1740 792 1821 eversa,
814 1743 881 1826 ejus
900 1747 1021 1811 incolas
1035 1751 1071 1815 in

63 1824 180 1892 'ratium
206 1831 367 1912 quondam
387 1828 541 1910 deduxit,
570 1828 749 1908 ibidemque
771 1824 942 1892 Lavinium
958 1827 1071 1899 AEnea

63 1910 103 1974 'uo
120 1913 263 1997 legitimo
278 1913 624 1996 conjugiocopulavit,
646 1907 810 1992 Martique
818 1912 910 1976 Iliam
918 1915 1070 1980 concilia-

67 1994 108 2075 lt,
131 1995 161 2058 dr
182 1994 353 2076 Romulo,
374 2013 467 2076 atque
487 1996 554 2077 ejus
575 1997 696 2077 populo
718 1993 757 2058 de
778 1992 899 2059 Sabinis
920 1999 1070 2065 uxoribus

63 2077 221 2158 rospexit3
242 2079 326 2143 unde
340 2098 407 2143 non
422 2075 552 2159 Equites
572 2074 1069 2162 modoatNobires,sed&p1ebs

63 2159 224 2243 Quiritium
239 2182 294 2245 per
315 2167 412 2247 longa
432 2175 575 2243 tempora
597 2161 637 2224 ad
657 2160 760 2243 ipsum
771 2162 879 2244 usque
893 2161 1016 2242 Julium
1037 2167 1070 2232 st

63 2242 251 2328 lugustum,
280 2241 298 2308 ὲ
320 2245 454 2310 Veneris
466 2242 616 2391 1prosapii
638 2242 799 2324 Caesares,
834 2242 930 2312 essent
957 2268 1071 2331 propa-

63 2328 119 2397 ati.
163 2327 262 2413 Qubd
284 2330 305 2392 fi
322 2327 392 2410 jam
409 2327 564 2408 quipiam
587 2326 712 2391 fortean
732 2329 882 2407 censeat,
911 2327 1072 2399 Amorem

63 2411 160 2476 altem
174 2414 369 2477 urbanorum
383 2411 413 2476 dt
427 2411 562 2476 divitum
575 2407 635 2473 eise
649 2456 659 2489 ,
680 2409 709 2472 dt
725 2413 922 2492 pauperiores
937 2415 1072 2480 omninb

64 2494 193 2577 espuere
213 2514 367 2580 pagorum
388 2499 544 2572 colonos3
563 2508 658 2574 atque
683 2493 738 2555 ille
751 2495 915 2576 propterea
929 2496 1074 2564 animum

63 2578 163 2657 burn,
193 2598 252 2642 nec
280 2583 382 2644 ullarn
403 2578 454 2644 srbi
474 2576 668 2660 despondere
687 2579 765 2640 velit
785 2595 945 2657 urotem3
976 2579 1001 2643 is
1016 2601 1072 2646 ve-

63 2659 82 2724 b
111 2681 172 2724 nec
200 2682 272 2725 ruta
296 2681 401 2725 carere
449 2658 513 2725 offe
540 2665 617 2725 volu
639 2673 702 2724 tate
722 2661 866 2745 cogitet,
895 2662 950 2726 nifi
978 2662 1072 2744 pland

63 2745 234 2810 :erile-scere
255 2745 411 2823 debeant,
428 2682 568 2824 indeque
635 2743 674 2808 eb
694 2741 969 2810 necessariameile
990 2749 1074 2830 agri·

62 2829 126 2892 olis
142 2828 320 2906 Venerem,
342 2844 376 2892 ut
393 2845 467 2892 cum
481 2827 549 2908 ipsis
564 2827 645 2906 quali
661 2825 765 2890 Amor
780 2827 919 2910 primum
934 2842 1024 2894 natus
1040 2831 1071 2896 dt

63 2911 197 2977 ducatus
212 2913 275 2977 ruri
290 2912 441 2976 videatur.
476 2908 545 2974 Ubi
560 2910 728 2991 praesettim
743 2911 776 2971 in
791 2911 1006 2976 amoeniffimis
1021 2918 1072 2977 lo·

62 2996 87 3059 is
112 2994 238 3059 liberiits
261 3015 358 3058 omne
383 2994 569 3058 animalium
596 3012 694 3075 genus
716 2994 870 3072 apricari,
899 2997 1070 3080 congredi,

62 3076 192 3158 ascere,
214 3079 243 3142 δι
260 3080 332 3142 suos
348 3077 495 3141 nutricari
511 3081 624 3141 valeat.
667 3073 756 3158 Quin
772 3075 802 3139 dt
817 3076 956 3158 optimos
971 3079 1012 3142 ibi
1028 3082 1069 3145 ti,
1131 3108 1141 3115 ·

63 3161 163 3227 icines
180 3167 327 3231 volucres
342 3157 411 3226 laete
426 3160 601 3241 adsonate,
624 3158 655 3224 dt
670 3157 746 3221 edm
761 3158 851 3239 juxta
865 3158 969 3244 stagna
983 3159 1069 3227 Olo-

63 3266 92 3310 es
108 3293 118 3326 ,
148 3244 218 3309 ttim
238 3246 294 3309 sub
308 3244 460 3310 umbrosis
476 3243 634 3308 atboribus
653 3239 838 3307 Lusciniam
854 3241 922 3307 tim
935 3242 1069 3312 suaviter

62 3329 210 3411 antillare
218 3329 341 3409 audias,
355 3347 389 3393 ut
405 3346 516 3391 omnes
531 3326 647 3390 amotis
663 3319 771 3389 motits
785 3344 822 3389 ac
836 3325 986 3390 modulos
998 3347 1070 3393 mu·

66 3411 194 3478 ciffimis
216 3412 276 3476 suis
298 3411 460 3498 organulis
479 3430 549 3474 eam
564 3406 739 3488 dubitare,
767 3409 1014 3489 necquicquam
1035 3415 1069 3479 in

63 3497 116 3575 jus
131 3515 213 3559 voce
228 3502 397 3576 querulum
411 3494 449 3558 de
462 3491 572 3562 Tereo
592 3490 724 3558 immani
746 3490 891 3558 relidium
913 3509 1066 3565 autumes,

63 3579 128 3660 211ae
145 3580 208 3659 ipsa
227 3581 260 3643 in
273 3596 367 3646 cantu
381 3579 439 3642 suo
457 3575 674 3642 delicatissimo
690 3576 875 3662 pervigilans
890 3571 1068 3649 Philomela

63 3663 182 3725 'o'e'tam
198 3665 240 3724 ita
254 3677 340 3726 extra
354 3663 385 3726 se
400 3659 528 3743 posuit,
549 3677 583 3726 ut
598 3659 653 3725 illa
668 3675 815 3725 cantante
828 3679 954 3723 carmen
975 3659 1069 3734 suum

65 3748 234 3831 ontinuare
248 3760 399 3833 nequeat,
420 3743 474 3809 sed
489 3747 665 3819 exclamare
678 3757 826 3828 cogatur:
846 3741 984 3826 Quando
996 3757 1068 3893 gan·
1084 3820 1087 3834 ³

1018 3846 1071 3904 em
