2460 4260
100 200 171 275 154
290 169 475 247 annu.
511 165 714 243 nrvrur
744 166 929 245 nuru

95 325 151 386 bus
168 319 408 386 &hilarioribus
423 313 582 395 intercise,
602 315 754 383 videatur.
797 317 955 400 Jamttim
969 319 1056 388 enim
1069 344 1119 407 per
1159 366 1161 401 ς

96 407 255 491 integrum
279 401 463 469 trinodium
479 419 555 463 cum
575 399 622 465 sui
645 402 817 484 fimilibus,
845 404 875 467 ἀ
897 419 973 469 natu
987 426 1119 488 quoque
1159 432 1161 443 ·

95 490 268 569 majoribus
295 500 496 571 congregatas
520 485 690 565 puellaria
711 486 797 552 meri
820 486 947 567 laetitil,
969 489 1049 572 ipsas
1066 494 1120 555 llo·

95 592 168 636 rum
183 571 269 636 sertis
284 582 465 649 exornatas,
488 565 517 630 dt
532 567 607 630 rufis
624 588 752 649 quoque
767 572 970 651 insultantes,
993 591 1046 654 per
1058 594 1119 638 rno-

96 655 162 719 dias
183 657 253 720 illas
276 654 483 731 humiliores,
512 650 541 713 dt
564 648 581 712 ὲ
602 654 712 733 myrtis
733 656 937 736 complicatas
954 654 1119 737 tripudiare

96 740 200 816 castr,
221 752 314 817 atque
329 738 546 813 tabernacula,
568 734 598 798 dr
615 736 653 799 ad
669 736 833 802 summum
847 736 945 818 usque
959 737 1057 803 mane
1071 741 1121 806 sua

95 823 281 886 continuare
304 834 444 884 cerneret
468 816 656 901 Pannychio.
700 818 769 885 Ubi
792 815 1022 904 imminu
1035 819 1119 902 prim

97 904 147 967 elad
169 904 201 966 ἵν
223 901 350 978 iacinctum
373 903 410 964 rit
429 905 610 984 nvpyrtt'itaat,
644 917 679 965 ut
698 901 895 990 Aristophanis
919 902 1068 992 Interpres
1091 906 1120 966 ἑκ

96 986 201 1072 Equit.
222 986 358 1051 tradidit.
402 985 517 1050 Adeffe
544 986 638 1069 igitur
671 984 876 1053 &Cererem
903 989 1120 1070 oportuit,dt

96 1069 258 1136 Bacchum
282 1091 429 1152 quoque,
450 1090 491 1134 ne
512 1066 590 1131 lianc
604 1085 657 1135 aut
679 1071 759 1135 licea
775 1071 925 1156 frigerent
940 1072 1118 1154 hujusmodi

96 1155 170 1218 festa
186 1155 355 1234 Venerea3
372 1157 444 1235 'quae
465 1155 508 1216 ita
522 1155 686 1218 instaurata
700 1153 837 1218 Phoebut
850 1171 978 1234 quoque
994 1170 1119 1220 exortus

96 1237 150 1303 sui
172 1235 296 1302 Muhci
312 1241 434 1303 vihtans
448 1236 590 1300 redderet
607 1239 741 1302 latiora:
770 1239 889 1304 tametsi
912 1257 966 1319 per
982 1237 1120 1304 exactam

94 1319 224 1386 nudem
238 1324 314 1385 nihil
329 1323 406 1384 dum
421 1318 523 1394 aliud,
544 1319 640 1400 quim
653 1334 834 1401 cantatum,
855 1336 952 1400 atque
965 1322 1046 1386 illud
1059 1321 1119 1386 fer·

95 1403 149 1469 mc
163 1403 285 1472 solum:
310 1402 445 1485 (Regnat
458 1402 489 1462 ira
496 1399 582 1478 filvis
595 1401 706 1485 Dione,
728 1417 764 1464 tu
775 1401 874 1464 recede
888 1401 1004 1484 Delia)
1027 1424 1120 1471 exau·

96 1489 198 1553 ditum
226 1484 339 1550 fuiffet.
382 1486 445 1549 Hic
463 1485 532 1567 jam
553 1487 664 1551 Venus
687 1487 936 1552 antemeridiano
960 1503 1119 1570 tempore,

97 1571 117 1635 li
132 1571 342 1655 frigusculum
356 1569 485 1650 aliquod
500 1569 539 1632 de
552 1568 649 1634 nodie
663 1570 725 1636 suis
744 1571 980 1636 colludentibus¹
988 1573 1122 1636 interve·

98 1652 209 1733 nisset,
231 1672 288 1735 pro
310 1653 439 1728 rostris,
457 1651 509 1734 jus
528 1654 654 1717 cuilibet
671 1674 708 1720 ex
723 1673 812 1734 aquo
826 1653 1003 1737 redditura,
1025 1654 1123 1718 confi·

97 1740 172 1802 dere
185 1737 360 1805 meditatur.
404 1724 445 1799 Et
460 1755 500 1799 ne
515 1737 577 1800 stne
592 1739 681 1800 omni
699 1738 826 1818 strepitu
838 1736 948 1819 judicii
964 1740 1027 1801 hoc
1041 1737 1125 1801 face·

97 1825 232 1887 revelle
253 1821 412 1898 videatur,
432 1838 507 1882 cum
530 1820 644 1902 pompl
666 1820 858 1902 &adparatu
879 1840 947 1884 rem
963 1840 1056 1904 agere
1070 1840 1124 1884 oc·

98 1907 182 1985 cipit.
225 1901 374 1966 Eredium
390 1904 444 1966 stat
460 1903 591 1965 tribunal
612 1905 758 1982 fioribus,
779 1923 846 1969 nou
861 1904 984 1986 paucis,
1003 1924 1063 1968 nec
1077 1904 1123 1966 vi·

99 1991 202 2065 libus,
230 1986 282 2049 sed
306 1986 466 2066 Hyblaeis,
487 1983 553 2046 imo
575 1985 711 2066 Hyblaeis
736 2001 859 2050 tantum
883 2006 950 2050 non
973 1988 1123 2051 omnibus

99 2075 287 2150 oppletum,
315 2069 345 2130 dt
364 2068 468 2133 aulaeis
491 2085 618 2147 quoque
647 2064 765 2131 floridis
788 2066 805 2130 ὲ
826 2083 898 2133 toto
918 2071 1002 2150 quasi
1025 2067 1122 2134 Enna

100 2171 213 2231 campo
237 2150 378 2213 demeffis
401 2148 619 2214 convestitum.
661 2149 830 2231 Occupato
853 2172 938 2217 nunc
955 2152 1123 2234 majestatis

101 2239 242 2309 throno,
262 2231 386 2315 Regina
412 2233 546 2314 praefidet
568 2234 704 2312 Venus,
733 2232 872 2299 Scabina
893 2234 977 2317 pond
998 2235 1123 2314 sedent,

100 2317 240 2402 gratiosae
263 2316 292 2379 dc
313 2319 448 2396 pellaces
469 2314 637 2398 Charites,
658 2315 842 2398 Nympha,
862 2317 1031 2395 Or'eadeS,
1055 2318 1125 2382 Na·

100 2423 180 2484 peae,
202 2398 454 2482 Hamadryades,
476 2398 637 2480 Naiadas,
657 2398 872 2481 &Nereides,
888 2405 1027 2466 velutin
1040 2412 1135 2463 rnna·

100 2483 272 2563 urvrrdgia,
294 2497 346 2547 aut
362 2480 544 2567 Heliogabali
557 2483 727 2548 Senatulo:
751 2483 839 2564 Quas
853 2505 966 2550 omnes
982 2485 1012 2549 δι
1028 2485 1128 2568 singu·

99 2576 144 2634 las
160 2570 209 2632 fibi
227 2569 242 2629 a
260 2573 353 2628 latere
370 2566 550 2629 &consiliis
567 2563 627 2632 effe
662 2567 753 2629 audet
769 2568 824 2629 illa
839 2566 971 2633 Amoris
993 2568 1124 2632 volatici

99 2651 241 2735 genitrix.
285 2647 405 2712 Eadem
424 2649 611 2717 sententiam
632 2585 720 2713 tham
741 2668 794 2730 per
815 2654 952 2716 comitia‘
965 2649 1019 2716 hic
1034 2670 1125 2735 roga·

99 2752 166 2798 tam
181 2733 317 2813 publicat
332 2732 479 2794 univerfis
495 2777 505 2809 ,
528 2747 562 2794 ut
577 2736 666 2795 nulla
681 2750 834 2812 umquam
847 2738 937 2821 virgo
955 2735 1126 2815 quicquam

100 2818 206 2883 credat
229 2829 281 2878 aut
307 2814 382 2877 fidat
404 2811 570 2895 Cupidini,
592 2815 612 2878 fi
634 2817 683 2877 vel
712 2816 850 2881 maxime
872 2816 1020 2895 nudum,
1041 2836 1128 2898 aper·

2 2974 13 2985 Ι,
100 2919 188 2981 tum,
213 2899 243 2963 dt
266 2900 419 2962 inermem
442 2917 517 2965 eum
540 2898 622 2962 iutra
633 2900 757 2962 brachia
770 2900 825 2964 sua
839 2918 943 2966 tenere
959 2916 1049 2964 certo
1063 2920 1127 2967 cer·

9 2988 15 3011 ¹
100 2985 161 3048 tius
177 2982 340 3065 praesumat
357 3003 366 3058 ;
386 2981 557 3062 fugitivum
578 2983 671 3045 illum
685 2984 746 3061 ait,
767 2983 934 3048 &aviculi
952 2981 1064 3065 quivis
1083 2986 1127 3045 le-

99 3069 224 3130 viorem
244 3063 304 3127 elle
326 3084 473 3135 erronem
490 3110 500 3140 ,
523 3083 618 3142 quem
639 3085 699 3127 nec
716 3065 781 3145 ipsa
793 3066 870 3148 sapi:
885 3069 1020 3131 retinere
1037 3063 1127 3148 polsrt

99 3164 226 3217 matera·
251 3146 334 3210 Non
360 3147 462 3210 statim
485 3146 562 3230 ergo
582 3148 700 3211 lrbrdrm
721 3146 781 3211 effe
808 3147 1126 3227 velificandumssed

98 3229 315 3312 ampliandum
342 3229 371 3293 dt
396 3229 607 3295 differendum
627 3232 847 3314 aliquantisper
867 3282 877 3315 ,
897 3248 950 3298 aut
966 3232 1081 3296 saltem
1096 3232 1128 3294 in

98 3315 268 3382 crastinum
287 3309 381 3376 mane
395 3313 617 3393 protelandum
632 3311 692 3376 eise
711 3333 862 3380 amorem.
907 3314 999 3381 Nam
1014 3316 1035 3378 fi
1050 3311 1126 3377 verd

100 3400 130 3464 dc
154 3393 281 3461 honesti
303 3395 468 3476 quisquam
489 3412 597 3476 amet,
617 3415 718 3475 eum,
740 3400 791 3461 ubi
816 3400 935 3463 sobrius
954 3400 988 3462 srt
1003 3395 1128 3475 fabius,

97 3483 311 3565 cogitaturum
332 3480 604 3559 &perpensurum
617 3479 725 3542 secum
739 3479 816 3555 else,
837 3483 1005 3562 quomodo
1020 3495 1128 3545 totum

99 3571 162 3632 hoc
177 3561 358 3628 universum
373 3561 516 3636 legitimo
532 3564 787 3645 conglutinatum
803 3566 837 3627 fit
851 3564 1024 3651 conjugi0,
1046 3574 1131 3645 quo·v

101 3650 201 3714 modo
223 3643 375 3726 imprimis
396 3639 508 3703 AEther
529 3643 609 3721 ille,
631 3645 710 3706 roris
727 3659 838 3726 pater,
862 3651 961 3712 totius
976 3649 1052 3712 anni
1069 3645 1130 3710 fer·

103 3735 250 3800 tilitatem
264 3726 520 3820 proseminavcrit
537 3773 547 3808 ,
569 3725 648 3792 dum
662 3723 797 3814 Terre,
818 3751 938 3818 magnae
957 3731 1006 3796 illi
1019 3728 1129 3805 matri,

1083 3828 1128 3876 at·
