2460 4260
92 206 138 285 68
248 191 464 277 'Alton
498 199 706 276 RIVINI
738 197 928 276 NOTAE

118 335 183 403 uod
196 332 248 401 hic
262 336 336 400 latet
353 354 361 397 :
383 331 497 423 melius
518 352 571 397 me
585 334 730 414 divinet,
753 331 851 414 quise
866 333 897 397 id
912 331 998 417 poss'e
1011 332 1124 417 speret.-

135 421 189 485 icit
204 419 315 503 igitur,
330 414 432 481 Rosas
447 417 607 501 surgentes
624 418 663 481 de
677 410 1124 499 Favonii-spiritu,Venerem

99 501 204 571 urfiffe
218 502 336 567 maritis
351 500 413 564 suis
429 501 595 579 imbribus,
611 501 644 563 iu
655 502 740 564 hunc
753 515 807 564 aut
824 500 918 566 illum
932 499 1040 565 usum.
1068 498 1126 564 Pa·

100 589 184 671 pillae
199 585 270 650 sunt
291 582 435 649 rosarum
449 583 608 661 alabastri3
630 582 659 647 ἃ
675 583 775 664 prima
789 584 948 666 germina,
968 598 1064 664 atque
1076 583 1126 647 ca'·

103 672 181 738 lices
195 667 342 733 nondum
358 664 579 746 dehiscentes„
590 665 642 729 sed
664 667 846 731 convolutis
866 664 1023 730 foliorum
1041 679 1125 751 cate·

103 753 189 821 nulls
210 750 428 816 conniventes.
470 746 542 810 Haec
561 745 734 811 Scriverius.
776 745 819 812 Et
864 747 931 810 auli
946 745 1073 827 inferitis
1089 746 1128 809 ad

103 836 180 917 vers.
197 851 247 917 25.
276 832 424 914 Virgines
447 831 576 913 papillas
598 832 714 895 iterum
728 835 829 896 vulte
855 830 1054 910 erosarum',
1074 832 1126 897 ubi
1153 838 1155 849 “

106 915 239 1004 Lipfium
261 916 290 980 δι
313 915 392 979 alios
414 916 596 995 interpretes
616 910 727 979 misere
743 927 867 991 natare,
900 914 1127 979 &intenebris

107 1005 232 1086 palpare
246 996 378 1062 censuit.
418 994 481 1062 Sed
494 1016 553 1061 nec
567 996 657 1061 nobis
675 995 788 1061 sudum
801 995 882 1061 illud
897 995 1129 1063 Seriverianum

108 1085 182 1151 satis
200 1079 322 1163 liquido
338 1080 486 1163 adparet,
508 1079 596 1159 quod
611 1081 678 1143 aliis
692 1080 791 1144 veluti
812 1077 829 1142 i:
844 1080 1031 1161 crepusculo
1053 1099 1128 1145 eon·

108 1165 293 1250 jetiandum
306 1164 407 1229 adhuc
421 1164 557 1243 reliquit.
599 1160 744 1226 Somniat
759 1162 838 1243 ille,
859 1158 1019 1246 Pervigilir‘
1037 1163 1127 1245 hujus

115 1247 223 1316 XIV.
238 1248 371 1312 verfibus
389 1247 405 1309 i
424 1265 471 1310 η.
487 1246 526 1309 ad
542 1261 591 1325 27.
607 1245 729 1309 nonnifi
740 1245 779 1308 de
789 1243 1126 1333 rosissermouemelle,
1145 1314 1147 1323 Α

114 1332 201 1414 quod
222 1327 364 1413 profefflu
379 1329 465 1392 secus
484 1329 515 1391 se
531 1331 630 1393 habet.
673 1325 840 1393 Nimirum
855 1326 932 1392 cuim
947 1326 982 1392 in
997 1329 1127 1395 Veneris
1154 1366 1162 1405 ‚-

115 1414 223 1496 elogio
237 1412 380 1475 divinum
394 1410 461 1492 ejus
477 1425 584 1474 ortum
598 1409 799 1492 praedicasset,
814 1410 1125 1494 fimiliter‚utAudrr
1162 1414 1167 1421 '

116 1493 236 1561 Pontici
246 1493 410 1579 fragmenti
416 1540 425 1572 ‚
441 1492 543 1558 statim
552 1494 726 1575 subjunxit,
738 1494 905 1575 quomodo
919 1493 1062 1576 ejusdem
1073 1490 1125 1560 Di·

116 1599 164 1644 vae
179 1577 309 1643 numine
323 1573 437 1641 cuneta
447 1575 722 1657 foecundarentur,
742 1591 777 1643 ut
790 1574 876 1642 idem
889 1576 1005 1646 iterum
1023 1575 1125 1642 Salinas
1151 1644 1156 1669 ι

117 1661 158 1728 ad
175 1659 319 1727 eamdem
333 1659 511 1749 Venerem:
1064 1670 1068 1677 '

285 1860 329 1876 -·
370 1857 417 1872 --
456 1815 504 1889 Tu
516 1821 636 1908 fetibus
649 1845 737 1910 auges

202 1925 321 1991 Cunila
326 1927 409 2009 suis:
429 1941 507 1989 totus
517 1926 630 2012 pariter
644 1927 698 1990 aibr'
710 1926 847 2013 parturit
860 1925 957 1996 orbiu

123 2091 218 2161 Haud
233 2093 409 2159 abfimiliter
422 2088 515 2175 saue,
537 2090 632 2175 quim
643 2091 804 2158 Lucretius
816 2094 864 2160 lib.
875 2113 904 2177 5.

206 2257 315 2322 Ordine
327 2258 394 2320 crim
409 2257 509 2320 videar
521 2273 584 2320 tam
599 2275 675 2323 certo
688 2259 793 2324 cunda
805 2259 918 2324 crearia

206 2341 238 2405 It
253 2342 329 2422 Ver,
350 2340 391 2414 δ’
403 2339 502 2407 llenu
515 2339 555 2414 ᾖς’
569 2340 690 2405 Veneris
696 2343 882 2427 prenuntiat
894 2336 964 2405 anal

206 2425 363 2490 Pennatus
370 2424 527 2510 graditur,
547 2421 696 2512 Zephyrus
709 2425 828 2511 vestigia
843 2440 981 2510 propter:
1068 2456 1071 2461 ·

208 2506 407 2653 gloryuibus
419 2522 514 2587 mater
518 2509 713 2602 praespargens
724 2523 794 2570 ante
806 2507 871 2571 viai
1085 2530 1089 2537 ·

238 2611 279 2652 un

211 2672 283 2734 Inde
296 2670 348 2733 loci
360 2673 496 2756 sequatur
509 2671 585 2735 calor
597 2673 713 2756 aridus,
734 2672 775 2748 δέ
788 2693 879 2737 comes
893 2670 955 2736 anei

210 2753 428 2818 Pulverulenta
444 2752 533 2817 Ceres
549 2752 615 2828 &a
709 2780 710 2785 ¹

308 2613 327 2651 a
344 2587 613 2683 colorilrus‘egrrgirs
629 2589 811 2662 &odoribus
827 2586 929 2676 opplet.

128 2926 239 3006 Itaque
254 2921 428 3008 generatim
441 2921 584 3003 praemifit
598 2968 609 3003 ‚
629 2922 717 3004 quod
731 2924 761 2988 ἃ
773 2922 865 2986 amico
878 2918 993 2984 cuidam
1007 2910 1129 2987 tanei

127 3009 263 3089 placuit,
279 3005 329 3071 eui
344 3005 505 3088 propterel
520 3006 580 3090 legi
595 3004 726 3090 possein
741 3021 881 3073 mentem
893 3019 1038 3072 venerat:
1112 3054 1113 3058 ,

204 3153 298 3245 Urget
312 3156 346 3222 in
360 3151 452 3226 nodos
466 3151 618 3251 tenaces]

132 3331 294 3398 Venerem
307 3330 484 3420 surgentes,
504 3334 578 3419 seu,
599 3352 634 3403 ut
649 3332 803 3399 Martialis
816 3339 960 3420 vocavit,
975 3334 1135 3403 crescentes
1157 3374 1160 3379 ·

117 3413 198 3486 ¹suas
214 3417 342 3498 papillas
355 3419 492 3484 nodis&
506 3419 647 3502 strophiis
660 3418 852 3502 coercuisse,
872 3425 923 3486 vel
939 3423 1036 3486 etiam
1049 3417 1137 3505 ipsam
1161 3410 1167 3517 ff

131 3497 295 3562 Venerem
308 3501 372 3563 leni
392 3498 530 3584 Zephyri
554 3506 628 3567 flatu
650 3503 832 3569 tumefa&as
852 3506 982 3587 papillas
1003 3505 1038 3569 in
1059 3517 1140 3568 toros
1165 3558 1167 3565 .

130 3595 269 3662 tepentes
281 3580 417 3665 unxisse,
438 3583 560 3666 prout(
569 3583 687 3670 Apuleji
694 3587 816 3670 uerbis)
830 3602 995 3672 unguento
1008 3587 1143 3668 fragran·

131 3663 247 3729 tillimo
261 3665 444 3745 proluvium
459 3666 594 3731 libidinis
606 3667 780 3737 suscitatur.
822 3669 922 3753 Quod
938 3691 999 3738 nec
1019 3667 1148 3739 Witar'l

128 3745 360 3831 improbatum,
383 3750 438 3833 qui
453 3749 527 3816 inde
540 3749 632 3836 legit:
1091 3832 1129 3904 U

477 3854 483 3865 .
1123 3856 1167 3903 n„

27 3936 55 3992 Ι
