2460 4260
60 137 80 172 ³
149 191 225 287 oto.
313 127 884 258 ¹‹1currno

108 390 111 397 .
135 320 294 401 'Lumina
312 304 458 392 Sestiaca
474 333 621 409 praeceps
638 308 683 384 de
698 330 790 386 turre
806 316 927 414 puella.
971 396 975 402 ,

145 423 192 497 Et
207 417 255 497 de
267 413 421 492 nimboso
438 412 556 488 saltum
574 412 724 488 Leucate
743 415 889 488 minatur

920 623 924 632 ‚
1035 509 1160 591 Mascu-

277 698 334 767 Nee
350 691 477 751 nonturno
491 686 593 766 quidem
605 703 737 769 carpentes
744 688 825 769 prorsa
835 689 925 768 puelle

273 768 416 849 Nesrivire
430 767 552 848 hiemem,
573 764 638 844 testa
651 770 707 827 crim
720 770 827 833 ardente
839 769 962 827 uiderent

275 847 430 907 Scintillnre
442 846 533 904 oleum.
553 869 618 892 -·

145 960 274 1028 Avienus
285 955 316 1014 in
328 954 516 1033 Prognosticis
529 954 656 1023 Arateis:

274 1069 341 1143 rufi
355 1069 491 1127 notiurnis
501 1071 654 1129 ardentibus
665 1071 776 1146 annique
789 1067 859 1144 testis

274 1146 448 1226 concrescant
453 1145 544 1226 furni,
561 1146 584 1218 fi
589 1146 727 1226 flammeus
737 1148 825 1206 emicet
839 1148 908 1225 ignis

277 1225 387 1306 Effluet.
473 1222 565 1281 Arato
579 1227 677 1298 noxia.

142 1376 308 1438 Prudentius
321 1375 546 1434 Cathemerinon
559 1393 587 1434 v.
599 1358 724 1451 Hymno
733 1413 742 1442 ,
750 1369 799 1438 Ad
808 1371 956 1442 incensum
970 1373 1045 1443 cerei
1054 1370 1163 1447 Pascha&
1218 1340 1220 1345 Ι

144 1454 195 1522 lis,
213 1453 288 1523 live,
306 1450 355 1517 Ad
368 1451 515 1516 incensum
526 1451 667 1512 lucernae:

410 1596 493 1626 -ιι
505 1569 556 1652 sen
571 1589 640 1630 mne
653 1569 748 1648 testula

314 1651 422 1727 Sqecnrn
435 1650 538 1709 linteolo
543 1647 596 1726 serg
615 1651 667 1709 trit
682 1649 768 1707 ebrios

309 1730 368 1808 Seu
374 1729 456 1805 pinus
462 1730 562 1805 piceam
573 1669 634 1808 fn!
646 1725 806 1784 alimoniam.
913 1720 919 1748 ¹

111 1883 113 1899 1
147 1847 308 1924 Lampades
322 1847 352 1906 &
367 1845 446 1905 testae
460 1844 599 1921 ejusmodi
613 1844 737 1920 figulinae
745 1845 851 1914 exstant
863 1845 1022 1910 innumerae
1030 1843 1107 1920 apud
1114 1843 1175 1902 An·

145 1927 299 2002 tiquarios‚
319 1922 508 2000 quotidieque
529 1920 712 1981 effodiuntur.
750 1919 864 1981 Pullum
884 1937 940 1996 ego
959 1921 1070 1997 aliquot
1084 1919 1176 1980 osten·

146 2002 229 2063 dere:
248 2001 336 2076 longe
355 1999 447 2076 plures
466 1998 495 2056 in
517 1996 694 2073 Supellediile
708 1997 840 2056 Romana
856 1997 1045 2072 Neomagiin
1058 1995 1174 2056 Batarii

148 2079 178 2136 δι
199 2077 266 2136 alibi
288 2086 380 2135 erutas
400 2073 619 2134 adcuratiffimus
631 2072 756 2146 Joannes
770 2074 900 2133 Smetius.
939 2073 977 2131 Et
990 2091 1051 2132 non
1064 2073 1107 2131 ita
1120 2072 1177 2149 pri·

147 2152 215 2219 dem
237 2171 294 2208 ¹nn
327 2169 521 2208 incensus
548 2166 732 2208 virenon
766 2149 957 2214 doeiiffimum
984 2149 1177 2209 Commenta-

147 2230 221 2288 rium
236 2226 325 2286 edidit
338 2225 498 2284 clariffimus
511 2225 663 2284 Fortunius
678 2226 802 2287 Licetus.
838 2225 945 2286 Sustine
966 2227 1063 2304 itaque
1077 2241 1178 2284 emen-

149 2304 236 2367 dandi
249 2303 430 2381 pruriginem.
469 2301 720 2362 Scnrveurus.
1082 2294 1096 2308 '

186 2399 234 2458 23.
252 2382 366 2461 Sestiaca
381 2381 457 2456 &c.],
474 2376 625 2438 Heronem
639 2396 741 2437 omnes
753 2378 954 2448 nominarunt,
970 2377 1178 2443 &Heroidum

149 2477 272 2518 numero
291 2458 451 2517 habuerunt
467 2498 476 2525 ,
495 2467 561 2513 ante
573 2457 699 2531 Joannem
712 2456 879 2542 Haeduinupr
891 2455 1026 2530 Jesuitam
1040 2453 1180 2515 Parilien·¹

147 2535 224 2604 sem,
244 2536 296 2610 qui·
313 2535 343 2592 in
364 2533 499 2592 Nummis
519 2531 695 2618 Populorunr
716 2533 746 2590 δι
768 2532 906 2591 Gentium
925 2532 987 2592 vult
999 2530 1062 2591 seri>
1077 2530 1177 2590 fidiam

147 2611 221 2669 hanc
243 2610 366 2669 fabulam
386 2609 421 2682 (a
435 2607 587 2667 Monachrs
607 2606 702 2666 nescio
722 2606 823 2683 quibus
836 2626 907 2666 xrrr
923 2607 1047 2686 saeculo)
1069 2605 1179 2666 emala

147 2687 379 2761 interpretatione
398 2684 511 2741 nummi
529 2681 760 2759 Abydenorum,
784 2684 912 2760 inquo,
929 2702 982 2761 pro
1009 2695 1033 2741 rr
1054 2691 1178 2739 ΡΩΜΗ

146 2770 345 2823 Andron,
365 2759 467 2836 quibus
487 2757 691 2833 fignificabatur
712 2758 913 2835 Hellespontus
933 2758 988 2819 uni
1007 2759 1096 2818 noete
1110 2758 1196 2824 viri,

148 2839 200 2907 bus
218 2838 301 2896 unius
320 2836 373 2894 viri
394 2833 471 2912 posse
491 2833 616 2894 natando
642 2835 755 2912 trajici,
783 2835 912 2911 legerunt
938 2845 1022 2894 turn
1046 2842 1181 2893 arraru-

147 2924 281 2986 Ar’oz,
306 2911 560 2988 confinxeruntque
586 2911 734 2970 leandrum
759 2913 789 2970 &
812 2917 961 2976 Heronem.
988 2911 1175 2987 fabulamque

169 3009 215 3050 uae
235 2991 271 3052 de
291 2991 324 3050 iis
344 2990 440 3048 fertur.
482 2987 663 3056 Crederem,
692 2988 712 3045 fi
732 2999 795 3047 turn
810 2991 880 3049 alter
893 2987 985 3050 suillet
999 2991 1176 3053 Harduinus,

122 3096 124 3100 ⁴
145 3008 195 3126 iod
214 3084 305 3125 unum
326 3067 424 3125 omnia
442 3064 534 3124 secula
554 3064 696 3134 tulerunt,
715 3066 765 3141 qui
784 3083 919 3126 nummos
939 3067 979 3126 ita
997 3064 1177 3142 interpretari

145 3141 304 3202 sustineret:
325 3153 357 3200 ut
376 3159 466 3202 unum
486 3141 557 3209 fuit,
579 3141 589 3198 i
609 3140 640 3200 so
655 3141 766 3213 iudice,
785 3141 936 3213 saeculum,
955 3158 1015 3219 quo
1029 3141 1176 3201 innumeri

147 3216 302 3297 Scriptores
323 3218 418 3277 Graeci
438 3218 469 3278 δι
482 3159 610 3276 Latinii
624 3217 776 3276 Monachis
790 3219 880 3278 Gallis'
889 3219 1033 3288 fabricari,
1059 3217 1178 3276 nemine

146 3293 415 3363 animadvertente,
441 3289 559 3371 poffent.
605 3292 661 3352 Sed
685 3293 868 3356 febricitantis
891 3294 1009 3357 somniis
1027 3292 1177 3353 irridendis

146 3383 260 3446 tempus
273 3389 335 3431 non
348 3382 456 3440 teram,
474 3369 700 3447 nequeuntibus
713 3371 730 3436 η·
743 3371 815 3447 ῥύμη
832 3371 925 3449 dulgis
938 3372 996 3431 tale
1008 3368 1080 3447 quid
1093 3366 1176 3445 ligni-

143 3444 221 3515 ficati
233 3465 293 3506 non
306 3443 384 3523 polle
397 3445 543 3508 ostendere
555 3445 708 3520 adgrediar.
746 3445 775 3504 A
783 3467 830 3505 no
838 3468 858 3505 n
866 3469 882 3504 i
891 3468 913 3514 m
922 3468 942 3505 u
951 3469 974 3506 s.

183 3540 231 3596 24.
249 3524 391 3598 leucata]
418 3525 540 3581 leucatas
559 3539 610 3598 per
622 3521 735 3587 tertiam
749 3520 990 3594 declinationem,
1010 3523 1041 3582 &
1056 3522 1172 3590 deornm

146 3604 198 3679 per
201 3600 349 3734 primam,
367 3614 466 3674 rupes,
485 3597 604 3682 iarum,
623 3600 855 3672 promontorium
870 3623 877 3658 ι
897 3600 974 3661 unde
987 3601 1018 3660 in
1032 3615 1111 3658 mare
1125 3598 1177 3658 de·

148 3677 199 3737 tilii
222 3695 238 3734 e
252 3676 306 3752 Sap
324 3674 367 3734 ho
381 3671 472 3746 drea,
486 3689 518 3740 111
532 3687 704 3757 eplgrtmma
718 3673 943 3754 nonagesimum.
968 3675 1106 3752 Virgilius
1119 3687 1175 3735 ter·

146 3756 192 3819 tio
205 3693 365 3826 feneriis,
423 3757 425 3761 ’
692 3753 696 3758 ’

150 3858 161 3885 r
1099 3830 1171 3892 Mox
