2460 4260
272 141 975 278 enucrnnu1xus
1065 223 1134 301 n,

100 333 235 412 Funera
252 326 383 411 crudeli
399 331 532 403 malunt
547 321 739 408 adscribere
755 323 840 403 satu.
933 402 934 406 Ν

99 434 189 505 Tum
204 450 321 529 grates
337 433 396 526 pia
411 451 521 509 mater
536 429 608 526 agit
625 424 743 503 ceffisse
761 428 937 514 dolentes,

99 533 146 605 Et
162 529 378 612 condonatas
395 533 503 626 puero
520 525 693 601 dimittere
708 533 834 626 culpas.

148 632 246 707 Talia
260 630 434 710 nocturnis
451 631 537 705 olim
552 629 704 711 simulata
721 627 840 728 figuris

98 729 269 809 Exercent
284 728 456 828 trepidam
472 729 564 822 easso
579 747 710 803 terrore
725 732 899 826 quietem
1056 755 1127 820 100

98 829 188 927 Qrae
204 829 388 928 postqudm
404 829 511 904 multd
526 826 697 940 perpessus
714 833 813 902 noete
831 827 975 929 Cupido

101 929 250 1027 Effugit,
267 925 365 1026 pulsas
379 929 520 1004 tandem
537 928 683 1025 caligine
698 928 825 1008 somni,

98 1027 226 1105 Evolat
241 1027 286 1105 ad
302 1028 463 1127 superos,
479 1023 651 1126 portasque
668 1028 784 1102 evadit
800 1024 936 1105 eburnd.

135 1243 183 1302 97.
204 1229 257 1287 Pia
270 1230 389 1304 maten]
408 1226 525 1296 Venus,
544 1236 636 1288 mater
649 1225 808 1302 Cupidinis.
845 1223 1037 1285 Vmerus.

135 1307 226 1379 lbid]
248 1304 347 1374 Mitis,
366 1303 520 1365 mansueta.
558 1304 674 1383 Propria
693 1303 758 1363 haec
771 1301 937 1380 significatio
951 1305 1032 1364 vocis
1046 1310 1127 1385 pius,

97 1393 131 1441 ut
144 1381 191 1440 alii
205 1391 349 1440 notarunt.
387 1381 615 1442 Anonrnrur.
1180 1451 1184 1460 .

140 1476 202 1516 100.
219 1461 298 1517 Talin
316 1459 451 1516 noeturnis
468 1460 547 1537 &c.]
574 1459 658 1520 Talia
676 1458 874 1527 somniamus,
900 1475 966 1535 quae
978 1458 1125 1534 stmulanr,

97 1535 156 1593 hoc
170 1534 207 1592 est
221 1576 229 1602 ,
256 1551 340 1611 agere
352 1534 507 1604 videntur,
533 1547 582 1594 aut
596 1538 683 1595 etiam
702 1537 868 1610 acsſsmilanr,
888 1536 935 1595 vel
947 1536 1122 1608 adfimulnnr,

97 1611 244 1671 snnulacra
258 1630 323 1688 quae
338 1611 544 1671 dormientibus
558 1613 751 1675 obversantur.
790 1611 856 1670 Ion
866 1630 897 1668 nr.

141 1708 201 1748 101.
222 1691 285 1768 Qae
294 1689 347 1765 pqst
366 1690 424 1746 adm
437 1693 519 1748 inulta
535 1692 605 1772 &c.]
627 1688 716 1766 Quasi
723 1688 838 1766 Cupido
847 1690 903 1766 ipse
913 1689 977 1748 haec
990 1687 1123 1747 somnias-

96 1765 149 1824 set.
182 1767 324 1826 Fisiioues
337 1708 499 1826 sidonibus
520 1769 592 1843 tegit
611 1767 721 1837 noster,
741 1783 779 1825 ne
798 1766 969 1843 perpluant,
995 1765 1118 1834 scilicet,

97 1855 132 1900 ut
144 1843 192 1901 ille
206 1845 261 1913 ait,
277 1843 313 1902 de
327 1844 490 1903 mendaciis.
525 1845 633 1906 luen.
1078 1868 1080 1871 ’

140 1937 201 1994 103.
220 1925 354 1996 Por-reique
367 1924 460 1979 errauit
476 1923 604 2000 eburna]
626 1919 848 1982 Hemistichium
861 1921 1070 1997 virgilianum,
1085 1936 1121 1979 ex

95 1993 155 2054 fine
169 1997 238 2057 sexti
251 1996 401 2064 AEneidos,
434 1997 547 2075 Virgilii
562 2001 640 2060 enim
653 1999 833 2067 imitatione,
854 2001 951 2058 omnia
966 2016 1060 2077 ,quae
1072 1998 1121 2057 hic

94 2074 222 2143 rettulit,
241 2073 306 2134 fida
319 2076 349 2134 &
363 2074 428 2133 falsa
443 2074 498 2134 esse
511 2076 631 2153 intelligi
644 2077 714 2136 vult.
752 2074 899 2135 Homerus
916 2087 1013 2136 autem
1026 2073 1122 2151 Odys-

93 2149 151 2208 seae
166 2175 196 2215 e,
217 2150 347 2211 &abeo
367 2151 446 2210 idem
460 2151 619 2227 Virgilius,
639 2153 706 2213 duas
725 2152 794 2210 fecit
812 2152 990 2212 ‘somniorum
1009 2163 1119 2230 portas:

93 2244 165 2302 quas
179 2229 340 2287 nominavit
360 2229 447 2288 etiam
466 2228 545 2290 idem
558 2229 702 2292 Ausonius
722 2230 753 2290 in
771 2241 899 2304 extrema
912 2228 1121 2323 Ephemeride,

94 2305 241 2364 Comeam
256 2305 286 2363 &
300 2305 478 2366 Eburnearn:
1164 2320 1167 2326 “

97 2450 99 2456 ⁴
207 2462 340 2520 Divinum
350 2464 484 2540 perbibent
495 2476 599 2527 uatem,
610 2460 663 2542 stab
670 2458 810 2544 frondibus
822 2463 886 2520 ulmi

211 2541 288 2595 Vana
302 2543 460 2616 ignavorum
464 2540 610 2616 fimulcrcra
623 2537 711 2617 locasse
741 2555 862 2618 operum,
964 2564 966 2569 ·

211 2617 247 2671 Er
255 2621 375 2693 geminas
385 2637 489 2674 numero
496 2632 599 2696 portas.
628 2621 694 2699 Qae
722 2621 807 2675 ornire
820 2619 916 2681 eburno

211 2695 316 2769 Semper
324 2692 436 2772 flellnees
441 2695 574 2771 glomerat
580 2695 668 2774 βαρὺν·
676 2700 742 2754 aira
750 2693 873 2774 formas:

214 2771 331 2841 Astera,
345 2788 398 2847 que
410 2790 487 2838 ueros
498 2775 597 2835 emittis
608 2791 701 2833 tornea
713 2771 796 2850 vistis.
835 2769 884 2847 Va
892 2787 912 2832 n
920 2783 937 2829 u
946 2785 992 2831 'ru
1000 2773 1024 2848 s}
