2460 4260
162 247 238 319 204
287 214 724 299 CASP.BARTH11
758 156 1070 290 Auillium

161 355 201 419 sae
216 375 256 423 ne
269 357 416 425 accusant
431 356 559 438 quidem
572 334 673 420 alium
684 353 875 436 quempiam.
912 352 1003 416 Idem
1016 351 1056 417 de
1072 349 1184 416 Heroi-

166 441 214 503 nis
231 440 312 503 iufra
325 439 415 506 versu
431 458 543 504 Lx111.

206 521 310 596 Mox:
324 522 383 587 Sed
395 521 554 586 commendo
569 520 622 581 tibi
636 541 761 583 errorem
776 539 882 582 meum.
910 515 1183 596 Navosnostror&

163 604 311 668 cicatrices
325 628 474 686 amamur,
490 601 620 684 acefali,
634 604 725 685 nojsrr
739 602 829 683 vitio,
841 600 966 687 pecraffe
974 600 1121 682 contenti,
1135 601 1184 663 ad·

155 687 306 765 feriamus
320 703 354 755 ut
367 704 511 753 amentur.
554 686 705 751 Alterum
720 707 755 750 ex
771 688 839 766 his,
856 691 907 750 vel
924 684 1013 765 nostro
1027 683 1119 766 vitio,
1133 688 1181 750 vel

156 771 286 854 peccaſje
305 777 371 836 olet
385 769 519 856 glossam
532 769 706 853 admodum
720 771 752 834 in
767 770 880 834 talibus
895 768 1097 850 frequentem
1113 815 1123 849 ‚
1150 786 1183 832 ut

162 859 214 916 vel
229 856 379 936 exemplis
393 857 429 918 iis
445 855 562 919 discere
575 869 681 936 potes,
696 874 764 934 quae
779 849 921 914 Muretus
934 853 968 916 in
979 851 1072 914 variis
1087 855 1183 915 colle·

161 938 216 1019 git.
246 934 366 1017 Legas:
382 935 490 1012 necsoli
500 935 627 1021 'peccaffe
641 937 776 1001 contenti.
805 933 911 1017 Nostro
918 934 990 1010 vitio
1005 933 1115 999 nescio
1129 955 1182 1000 an·

161 1038 228 1082 non
242 1021 322 1082 vitio
337 1020 480 1085 additum
493 1022 539 1086 fit.
1106 1021 1108 1025 ’

202 1099 273 1183 [At
293 1117 330 1167 tu
351 1108 429 1170 nihil
450 1106 567 1188 deme,
595 1126 697 1187 neque
717 1105 804 1169 enim
823 1103 932 1167 omnia
951 1101 1109 1183 superflua
1127 1120 1182 1183 pro

154 1180 252 1269 gloffis
270 1187 419 1261 habenda.
462 1189 594 1271 Alioqui
611 1210 678 1254 uon
695 1209 793 1271 pauca
808 1192 904 1264 loca,
931 1186 1046 1250 nonin
1063 1182 1185 1264 Ausonio

41 1304 44 1309 ·
161 1267 306 1349 tantum,
320 1272 372 1335 sed
387 1274 419 1348 in
434 1274 579 1349 omnibus
595 1271 946 1353 omninoScriptoribus
961 1267 1060 1332 effent
1074 1268 1184 1333 decur-

161 1353 266 1416 tanda.
288 1353 617 1437 Nemoitaloquirur,
634 1353 1058 1436 nlhllutsuperfluumdicat.
1084 1348 1184 1432 Gloffae

159 1438 323 1517 praeterea,
345 1439 562 1520 explicationis
577 1438 687 1516 causi,
701 1437 856 1502 adduntur
872 1435 1012 1501 obscure
1027 1435 1183 1517 orationi,

161 1533 214 1583 aut
228 1521 321 1602 voci,
342 1540 409 1586 uon
423 1521 599 1605 perspicuae.
627 1516 907 1600 Aisoumas]
1165 1598 1172 1612 ,

202 1601 277 1667 Nec
291 1619 398 1670 tamen
411 1605 564 1686 adfirmo,
584 1606 655 1685 sed,
671 1605 775 1686 quaeso
791 1620 840 1684 te,
856 1602 930 1684 quid
945 1622 1024 1684 opus
1038 1599 1186 1682 nostrove-

161 1682 220 1767 tio‚
242 1685 319 1763 cum
333 1689 442 1752 omnia
455 1690 491 1752 ad
507 1700 612 1754 naevos
626 1690 656 1757 dt
671 1690 829 1752 cicatrices
844 1685 1044 1751 referuntur?

210 1766 335 1851 [Nqstro
349 1770 438 1849 vitio,
460 1772 481 1836 si
496 1774 562 1855 vis,
577 1773 717 1849 additur,
733 1787 767 1834 ut
783 1787 960 1851 opponatur
974 1765 1129 1839 delidlum
1142 1767 1184 1835 ita

164 1852 368 1917 commissum
388 1854 533 1936 delidlis‚
560 1858 593 1921 in
613 1876 680 1936 quae
706 1855 807 1936 pravis
828 1854 977 1936 exemplis
999 1850 1184 1914 delabimur.

166 1933 228 1998 Sed
245 1956 312 1999 non
325 1938 368 2001 ita
381 1936 454 2002 sunt
469 1940 578 2003 omnia
592 1941 629 2002 ad
645 1942 754 2001 vivum
768 1938 955 2016 resecanda,
969 1934 1139 2018 presertim
1153 1935 1185 2002 iu

163 2017 310 2093 familiari
325 2017 472 2101 Epistola.
509 2018 786 2102 Amullius]
925 2078 927 2081 ,

206 2101 243 2164 In
259 2102 323 2167 fine
336 2105 427 2184 hujus
438 2103 599 2187 Epistulae,
614 2105 767 2168 mendum
782 2101 840 2173 effe
848 2101 988 2167 videtur:
1010 2099 1183 2180 certussum

162 2183 359 2269 quodcumque
372 2208 469 2248 meum
476 2188 578 2268 scieris
591 2188 717 2266 amabis,
731 2185 806 2270 quod
818 2185 910 2271 magis
916 2186 1000 2268 spero
1014 2180 1106 2266 quim
1119 2181 1182 2248 sau,-

162 2263 222 2330 des.
253 2268 325 2351 Qud
342 2272 462 2335 ratione
478 2275 538 2336 hoc
553 2273 702 2354 scriptum
718 2271 770 2348 fit,
786 2272 836 2335 vix
850 2269 966 2336 videbit
979 2271 1077 2332 etiam
1093 2264 1182 2350 Lyn·

161 2371 247 2416 ceus.
284 2352 350 2419 Cur
366 2355 471 2419 minus
485 2356 615 2438 sperabit
630 2356 767 2432 laudari,
784 2354 871 2435 quod
887 2352 1061 2416 amandum
1075 2352 1181 2415 obtru-

159 2436 234 2500 dit?
263 2436 405 2520 Scripfit‚
427 2437 592 2522 AEdepol‚
612 2437 773 2518 Aufirnius:
793 2435 871 2522 quod
881 2435 973 2520 magis
982 2432 1077 2518 [pelio
1089 2431 1180 2517 quim

80 2569 83 2574 .
159 2518 312 2584 urlaudes.
343 2521 436 2586 Aded
450 2543 518 2588 nou
532 2524 700 2588 diffimulat
712 2520 828 2585 tersum
843 2519 942 2587 laudis
956 2519 1130 2597 ambitum,
1145 2529 1181 2582 ut

158 2607 294 2668 alterum
309 2608 407 2690 magis
423 2605 583 2688 similans,
603 2602 694 2671 acute
709 2603 738 2668 &
753 2604 826 2668 huie
840 2608 976 2684 losum,
995 2606 1086 2667 velut
1099 2599 1181 2665 infe·

159 2688 251 2750 rioris
265 2685 396 2771 gradus,
413 2691 579 2770 relinquat.
709 2740 713 2746 .

202 2766 319 2851 [Nihil
328 2788 426 2840 muta,
445 2770 588 2871 Aufirrrius
601 2771 846 2856 magissperabat
859 2787 1003 2848 amorem,
1013 2763 1104 2853 quim
1116 2763 1181 2831 tau-

157 2850 225 2934 des,
243 2856 315 2935 quia
329 2856 421 2921 ludos
436 2857 614 2922 amicorum
626 2856 770 2941 quamvis
785 2873 852 2924 non
865 2850 1032 2932 laudemus,
1046 2870 1182 2915 amamus

159 2951 275 3002 tamen.
312 2939 595 3023 meorumue]
1072 2982 1074 2986 >

197 3029 234 3094 ln
249 3034 317 3115 ipso
331 3032 496 3103 Poe‘matio
511 3037 590 3103 vers.
603 3056 674 3102 x11.

283 3132 328 3196 Et
342 3138 451 3224 tragico
456 3140 584 3227 scriptus
591 3139 707 3227 gemitu
721 3133 897 3202 Salaminius
907 3132 989 3198 Aias.
1034 3172 1043 3179 -

89 3307 92 3313 .
160 3251 255 3334 Quali
270 3253 348 3318 verb
366 3261 500 3344 gemitus
516 3262 570 3325 ille
584 3260 692 3325 solim
704 3261 839 3346 tragicus
854 3257 905 3322 fit!
928 3255 1061 3322 Notum
1074 3254 1109 3317 in
1122 3265 1184 3317 tra·

161 3337 272 3420 goediis
289 3337 317 3402 tl
333 3336 361 3401 tl
378 3340 453 3424 saepe
467 3345 663 3430 geminatum
676 3342 747 3408 else.
789 3341 835 3407 At
850 3339 1017 3423 quomodo
1032 3357 1101 3402 non
1115 3337 1184 3400 aliis

159 3421 409 3505 quibuscumque
419 3428 529 3493 rebus?
550 3427 588 3493 N
590 3450 634 3493 on
642 3429 795 3507 adfirmo,
809 3425 861 3491 sed
871 3424 1010 3505 suspicor
1022 3417 1185 3500 Ausonium

158 3502 323 3583 scripfiffe:
344 3507 385 3578 Εἰ
401 3511 509 3591 Grau,
524 3513 634 3591 quod,.
646 3511 782 3589 Hercle,
800 3509 904 3600 generi
920 3509 981 3571 toti
995 3505 1097 3586 aptius
1131 3502 1182 3567 cui

158 3585 214 3650 illa
228 3606 291 3651 vox
306 3604 385 3671 apta.
417 3590 469 3656 Ut
487 3596 599 3675 pariter
616 3593 766 3657 Graecum
782 3589 906 3652 oviam
920 3591 1010 3675 ponit
1025 3549 1156 3653 m,
1201 3601 1206 3620 ⁴

238 3698 260 3762 I
267 3699 460 3780 sesuossrdii‘s
468 3705 599 3789 gemitur
613 3703 758 3788 inscribit,
779 3703 819 3778 ἐφ’
835 3700 866 3768 ai
878 3696 909 3768 ai

242 3715 305 3849 βίω
318 3783 405 3850 babet
416 3786 602 3879 inscriptum,
615 3788 791 3878 funesta‘que
803 3787 903 3856 littera
916 3783 1005 3850 dueta
1017 3783 1068 3869 est.
1109 3860 1183 3951 [At
