2460 4260
148 208 224 283 zon
346 190 534 270 CASP.
573 188 870 272 BARTHII
905 197 971 277 nc]

146 353 273 421 autem,
294 348 468 419 utcumque
481 335 706 418 diffimulnmus
724 383 734 413 ,
755 333 808 401 hic
822 335 888 400 duo
906 329 1012 400 versus
1033 335 1124 400 oient
1137 356 1175 400 n·

146 442 225 491 vum
256 423 471 508 degenerans,
499 419 529 484 dr
550 416 644 526 Alana
671 421 809 502 aliquo,
840 418 942 503 'quim
961 416 1087 500 Ausonio
1107 419 1176 484 sunt

148 509 317 674 drffiffi.
333 586 412 654 veri>
439 583 561 666 Ausonio
582 554 789 667 nequaquam-
803 586 924 683 indigni
946 584 1120 664 videntur,
1149 586 1176 651 dr

146 676 308 743 sententiae
323 674 417 737 etiam
432 666 601 734 neceffarii
630 669 741 735 Paiato
755 669 894 747 Barthu‚
915 671 970 750 qui
986 685 1052 734 tam
1067 670 1174 735 infelix

125 771 128 778 ’
148 759 193 827 est
215 755 399 841 conjettor,
419 771 487 818 non
510 752 686 818 admodum
704 754 866 820 confidere
880 752 966 818 licet.
1004 750 1173 818 Anour-

147 839 262 922 uun]

188 946 337 1030 Sequitur
351 943 442 1011 versu
460 958 576 1010 nxvtr.

412 1097 456 1115 -·
474 1062 533 1126 huc
546 1061 618 1126 ultio
632 1058 724 1124 dulcis
742 1061 788 1110 -3

250 1137 296 1213 Ut
308 1165 363 1236 quo
377 1168 495 1234 quaeque
501 1145 584 1233 perit
595 1142 716 1230 studeat
729 1145 834 1231 punire
847 1143 980 1210 dolorem.

144 1268 196 1340 Le
219 1292 255 1352 e,
276 1269 378 1332 dolare.
405 1258 483 1352 Quo
497 1266 590 1329 dolore
604 1288 735 1349 quaeque
750 1271 829 1352 perit
845 1273 907 1334 hoc
920 1270 1060 1348 hostem‚
1080 1268 1171 1350 puni*

144 1379 181 1424 re
195 1291 303 1420 findet.
333 1353 417 1418 Non
434 1353 623 1432 enim·punit
640 1351 807 1432 dolorem,
829 1353 882 1418 sed
899 1355 1108 1434 petulantiam
1117 1372 1172 1433 po*

145 1439 210 1506 tids
230 1438 260 1501 dt
281 1435 501 1502 crudelitatem
519 1436 634 1500 dolore
654 1435 732 1518 ipsor
775 1434 901 1502 Mirum
922 1440 988 1502 haec
1012 1437 1086 1501 talia
1109 1436 1173 1500 visa

145 1521 297 1592 hedenus
313 1538 380 1584 non
396 1518 465 1584 eise.

187 1603 307 1689 [Nihil
321 1618 424 1667 muto.
454 1601 568 1668 Sensus
581 1601 643 1684 est,
664 1615 699 1666 ut
712 1601 876 1682 dolorem,
894 1621 959 1682 quo
973 1622 1105 1684 quaeque
1119 1623 1172 1686 ρο·

145 1690 200 1840 {dist
217 1688 333 1754 studeat
350 1689 459 1849 punfire
472 1685 681 1769 Cupidinem,
703 1690 756 1750 vel
773 1685 832 1751 effe
848 1706 976 1769 poenam
992 1687 1169 1769 Cupidinis.

189 1787 406 1837 nonruuu

190 1854 351 1920 Omiffum
372 1853 414 1918 est
434 1853 525 1918 versu
539 1872 576 1918 ιι
595 1853 742 1938 rigarem,
762 1871 829 1918 non
844 1850 971 1936 uigorem
988 1853 1048 1918 effe
1064 1859 1171 1942 legen·

145 1939 234 2008 dum.
277 1936 370 2023 Rigor
382 1937 470 2004 enim
484 1938 608 2008 summa
622 1936 664 2000 est
678 1937 855 2016 crudelitas.
882 1932 1085 2002 Claudianus:

248 2045 342 2134 Triste
357 2054 434 2140 rigor
449 2053 574 2137 nimius,
594 2045 736 2139 Torquati
751 2052 850 2142 despue
862 2075 963 2119 marest

144 2162 213 2237 Hic
226 2179 333 2229 autem
346 2163 517 2233 Heroi‘nae:

374 2316 422 2333 -
440 2303 552 2347 vanum
565 2283 681 2355 vibrare
692 2282 816 2373 rigarem

268 2362 431 2451 Occipiunt.

145 2486 268 2557 Horret
281 2490 408 2572 vulgata
423 2487 527 2557 leuto.
916 2521 920 2527 ·
1189 2554 1192 2558 ,

189 2567 286 2653 [imit
308 2586 387 2653 tua,
408 2569 544 2655 Barthi;
566 2592 642 2640 nam
662 2570 780 2638 uibrare
803 2571 931 2658 vigorem
945 2575 1020 2656 quid
1037 2578 1073 2643 fit
1091 2578 1171 2646 dixi·

146 2672 219 2720 mus
235 2653 418 2719 adtentum.
439 2653 563 2719 Vibrare
574 2659 698 2743 rigarem
712 2657 849 2723 nihilest.
871 2655 1147 2745 Antoninum]

188 2735 292 2801 Versu
309 2754 401 2826 ιω.
420 2739 488 2800 caui
502 2762 601 2802 amnes
616 2744 688 2806 vani
707 2742 802 2824 sunt,
822 2741 876 2824 qui
891 2762 1089 2826 congruunt,
1110 2747 1170 2813 sci·

144 2819 241 2902 licet,
260 2820 357 2884 a'e'reis
370 2822 498 2904 campis.
526 2821 676 2888 Paulinus
689 2823 798 2892 lambo
818 2825 857 2891 ad
871 2824 1077 2908 cytherium:

288 2939 335 3006 Hi
346 2965 424 3007 nunc
437 2944 506 3042 nbefi
512 2928 622 3045 spiritu
629 2948 772 3036 superbie
819 2939 821 2944 ¹

350 3026 395 3091 Et
408 3031 504 3114 opibus
517 3033 616 3115 inflati
629 3034 710 3095 cauis

285 3104 383 3172 Humi
395 3115 551 3178 manebant
562 3110 722 3202 compediti.

143 3218 345 3286 Mamertus
358 3226 460 3291 noster
475 3225 547 3293 Lib.
559 3248 607 3294 rr.
621 3228 662 3293 de
679 3227 757 3293 statu
774 3229 905 3311 animer,
925 3248 1033 3291 cauum
1047 3232 1170 3302 vanitu-

143 3306 185 3373 tis
197 3307 293 3391 dixit,
312 3321 347 3375 ut
362 3310 491 3411 quidem
505 3312 523 3378 i
536 3313 647 3394 Juteto
659 3312 703 3380 ”ex
718 3310 811 3378 V.C.
826 3313 1004 3398 suppletum
1017 3313 1070 3382 est.
1143 3381 1145 3385 .

487 3505 821 3598 FINIS.
